{"trades":[{"txHash":"0x704945c80fc7b0830bd3fe8bf2537c1083e68b87d6ec076082453bba908aa865","blockNumber":1740090,"date":"2018-02-09T13:23:13.088Z","buyer":"0xb176c618b754f2365e8dbd7e0781f12907bcea4d","seller":"0xb176c618b754f2365e8dbd7e0781f12907bcea4d","side":"buy","tokenAddr":"0xe58abb2977780207b5aa91e65244a40d62cbf4f9","price":3e-8,"amount":"5000000000000000000","amountBase":"150000000000"},{"txHash":"0xc3cc5982a511f889c61842d5d620690e47fb35d23c1b1721ae1f6646a2e013a0","blockNumber":1740230,"date":"2018-02-09T13:23:13.088Z","buyer":"0x61a686e6b55c99c20f9b85e5bf92b03da2d928cc","seller":"0xb176c618b754f2365e8dbd7e0781f12907bcea4d","side":"sell","tokenAddr":"0xe58abb2977780207b5aa91e65244a40d62cbf4f9","price":0.000005,"amount":"5000000000000000000","amountBase":"25000000000000"},{"txHash":"0x704945c80fc7b0830bd3fe8bf2537c1083e68b87d6ec076082453bba908aa865","blockNumber":1740090,"date":"2018-02-09T14:22:55.855Z","buyer":"0xb176c618b754f2365e8dbd7e0781f12907bcea4d","seller":"0xb176c618b754f2365e8dbd7e0781f12907bcea4d","side":"buy","tokenAddr":"0xe58abb2977780207b5aa91e65244a40d62cbf4f9","price":3e-8,"amount":"5000000000000000000","amountBase":"150000000000"},{"txHash":"0xc3cc5982a511f889c61842d5d620690e47fb35d23c1b1721ae1f6646a2e013a0","blockNumber":1740230,"date":"2018-02-09T14:22:55.858Z","buyer":"0x61a686e6b55c99c20f9b85e5bf92b03da2d928cc","seller":"0xb176c618b754f2365e8dbd7e0781f12907bcea4d","side":"sell","tokenAddr":"0xe58abb2977780207b5aa91e65244a40d62cbf4f9","price":0.000005,"amount":"5000000000000000000","amountBase":"25000000000000"},{"txHash":"0x8120ba9b1f996e1fe922a00439dd14443cd48f5a360e2689e9c6701fa854840c","blockNumber":1741713,"date":"2018-02-09T17:01:10.358Z","buyer":"0xb176c618b754f2365e8dbd7e0781f12907bcea4d","seller":"0xb176c618b754f2365e8dbd7e0781f12907bcea4d","side":"buy","tokenAddr":"0xe58abb2977780207b5aa91e65244a40d62cbf4f9","price":0.0007,"amount":"123000000000000000000","amountBase":"86100000000000000"},{"txHash":"0x62e8929ae209bc8595f0df72cfbab5f45ebd0cf2d02822e0dd8626387726d159","blockNumber":1741776,"date":"2018-02-09T17:16:56.632Z","buyer":"0xb176c618b754f2365e8dbd7e0781f12907bcea4d","seller":"0xb176c618b754f2365e8dbd7e0781f12907bcea4d","side":"sell","tokenAddr":"0xe58abb2977780207b5aa91e65244a40d62cbf4f9","price":0.000001,"amount":"38000000000000000000","amountBase":"38000000000000"},{"txHash":"0x0f31a49163207f101ff2a1a7a3fc3146121adcb76629578a596dc07670692683","blockNumber":1758364,"date":"2018-02-12T14:24:00.947Z","buyer":"0x61a686e6b55c99c20f9b85e5bf92b03da2d928cc","seller":"0xb176c618b754f2365e8dbd7e0781f12907bcea4d","side":"sell","tokenAddr":"0xe58abb2977780207b5aa91e65244a40d62cbf4f9","price":0.00006,"amount":"7000000000000000000","amountBase":"420000000000000"},{"txHash":"0x779d25cab624b16b5254a6ae9a0f47655efddee364fca8fd260e2107fbd661c7","blockNumber":1758370,"date":"2018-02-12T14:25:31.012Z","buyer":"0x61a686e6b55c99c20f9b85e5bf92b03da2d928cc","seller":"0xb176c618b754f2365e8dbd7e0781f12907bcea4d","side":"buy","tokenAddr":"0xe58abb2977780207b5aa91e65244a40d62cbf4f9","price":0.0000025,"amount":"22000000000000000000","amountBase":"55000000000000"},{"txHash":"0x920df10fd9c5858d1522498352a43a80d0249ddf9c8c0966c09678718daf87eb","blockNumber":1758682,"date":"2018-02-12T15:43:31.038Z","buyer":"0x61a686e6b55c99c20f9b85e5bf92b03da2d928cc","seller":"0xb176c618b754f2365e8dbd7e0781f12907bcea4d","side":"sell","tokenAddr":"0xe58abb2977780207b5aa91e65244a40d62cbf4f9","price":0.00006,"amount":"8000000000000000000","amountBase":"480000000000000"},{"txHash":"0x06ce0045379823e740f3e26cc0b9f61dc6a0a50112fdb42be032d02c5d71cf9a","blockNumber":1763538,"date":"2018-02-13T11:57:37.372Z","buyer":"0xb176c618b754f2365e8dbd7e0781f12907bcea4d","seller":"0x61a686e6b55c99c20f9b85e5bf92b03da2d928cc","side":"sell","tokenAddr":"0xe58abb2977780207b5aa91e65244a40d62cbf4f9","price":0.00002,"amount":"3000000000000000000","amountBase":"60000000000000"},{"txHash":"0x7fd9d3797375fede5be4025408dc2e2b2956507355817a7d18ed8e36c909cffe","blockNumber":1769767,"date":"2018-02-14T13:55:07.718Z","buyer":"0xb176c618b754f2365e8dbd7e0781f12907bcea4d","seller":"0xb176c618b754f2365e8dbd7e0781f12907bcea4d","r":"0x62d3f8cf7fa0eaff55ca2cdddf1ef67182b83d2fe7aaf9fae69d2f6095cb1280","v":"27","s":"0x4de44b4d1a36ec6ba3689ead8ddbbc5672a39bed87b512a9773b6fca692bf8b1","side":"sell","tokenAddr":"0xe58abb2977780207b5aa91e65244a40d62cbf4f9","price":0.000003,"amount":"4000000000000000000","amountBase":"12000000000000"},{"txHash":"0xe5c9e5dd09d770b73e3be9b5e4e6ccbec52052a0594092ad95a57c8c7afa7a04","blockNumber":1769796,"date":"2018-02-14T14:02:03.155Z","buyer":"0xb176c618b754f2365e8dbd7e0781f12907bcea4d","seller":"0xb176c618b754f2365e8dbd7e0781f12907bcea4d","r":"0x55321c9d3ee0f74b3ebc0748028ce51d33cf90f73b2dfc8f2d31cbb4c2e9d27d","v":"27","s":"0x32d1fc4a2c09640123cfbf14bb3d8d155e6f42f18240abf6c36d011c84c7a09a","side":"sell","tokenAddr":"0xe58abb2977780207b5aa91e65244a40d62cbf4f9","price":0.000003,"amount":"5000000000000000000","amountBase":"15000000000000"},{"txHash":"0x2a86c0c4341f975a02382b8722aed9909adceda09c998dcd941fe0e55cceb2d4","blockNumber":1769813,"date":"2018-02-14T14:06:19.030Z","buyer":"0xb176c618b754f2365e8dbd7e0781f12907bcea4d","seller":"0xb176c618b754f2365e8dbd7e0781f12907bcea4d","r":"0x8f4bfb7b758595b86b3831ca870a0514070062e02242574779f8ec0be78c7245","v":"27","s":"0x0693279a9f62d84bdfa771d71cb66f47d05fef334d7bbb15438507281f89730b","side":"sell","tokenAddr":"0xe58abb2977780207b5aa91e65244a40d62cbf4f9","price":0.000002,"amount":"5000000000000000000","amountBase":"10000000000000"},{"txHash":"0x2a86c0c4341f975a02382b8722aed9909adceda09c998dcd941fe0e55cceb2d4","blockNumber":1769813,"date":"2018-02-14T14:06:20.646Z","buyer":"0xb176c618b754f2365e8dbd7e0781f12907bcea4d","seller":"0xb176c618b754f2365e8dbd7e0781f12907bcea4d","r":"0x8f4bfb7b758595b86b3831ca870a0514070062e02242574779f8ec0be78c7245","v":"27","s":"0x0693279a9f62d84bdfa771d71cb66f47d05fef334d7bbb15438507281f89730b","side":"sell","tokenAddr":"0xe58abb2977780207b5aa91e65244a40d62cbf4f9","price":0.000002,"amount":"5000000000000000000","amountBase":"10000000000000"}],"updated":"2018-02-14T14:06:20.658Z"}
