{"trades":[{"txHash":"0x9850b64b594fbc01267827d384931534213e6407100d515c6880f71a7cee3d47","blockNumber":1770132,"date":"2018-02-14T15:26:04.332Z","buyer":"0xb176c618b754f2365e8dbd7e0781f12907bcea4d","seller":"0xb176c618b754f2365e8dbd7e0781f12907bcea4d","r":"0xb35e6d546e9642c586c68f2060cdd9401a7bd1037c2aa2d5d16c2de3820ce8b8","v":"28","s":"0x5eb1c893af0cd0dfcb1949918d18b7eb107afd5eba29864438a3fd1d9fcc02fa","side":"sell","tokenAddr":"0xe58abb2977780207b5aa91e65244a40d62cbf4f9","price":0.00005,"amount":"4000000000000000000","amountBase":"200000000000000"},{"txHash":"0x799fe484295268b69f1dca657eb9a40264579a525b7eed391ff1455b33e52f4a","blockNumber":1770159,"date":"2018-02-14T15:32:48.246Z","buyer":"0xb176c618b754f2365e8dbd7e0781f12907bcea4d","seller":"0xb176c618b754f2365e8dbd7e0781f12907bcea4d","r":"0xd19c6201649e18a24518d0df2074c791198433c0fb5d54e19933f52806fe2bb9","v":"28","s":"0x682f7aeb9f1344853ea3428f482f876ae02dda29faa13d44b55c43a54b1f29c1","side":"buy","tokenAddr":"0xe58abb2977780207b5aa91e65244a40d62cbf4f9","price":0.0000096,"amount":"29000000000000000000","amountBase":"278400000000000"},{"txHash":"0x0f69f56345d13755cb35972091dff675095094834928e7c1f08474bd1bcca085","blockNumber":1770163,"date":"2018-02-14T15:33:48.557Z","buyer":"0xb176c618b754f2365e8dbd7e0781f12907bcea4d","seller":"0xb176c618b754f2365e8dbd7e0781f12907bcea4d","r":"0xd19c6201649e18a24518d0df2074c791198433c0fb5d54e19933f52806fe2bb9","v":"28","s":"0x682f7aeb9f1344853ea3428f482f876ae02dda29faa13d44b55c43a54b1f29c1","side":"buy","tokenAddr":"0xe58abb2977780207b5aa91e65244a40d62cbf4f9","price":0.0000096,"amount":"59000000000000000000","amountBase":"566400000000000"},{"txHash":"0x36b94c4a5efe29e633ace2d405d9724832ee2cf928a5c5ceb1c79beb288768bb","blockNumber":1770164,"date":"2018-02-14T15:34:03.363Z","buyer":"0xb176c618b754f2365e8dbd7e0781f12907bcea4d","seller":"0xb176c618b754f2365e8dbd7e0781f12907bcea4d","r":"0xb35e6d546e9642c586c68f2060cdd9401a7bd1037c2aa2d5d16c2de3820ce8b8","v":"28","s":"0x5eb1c893af0cd0dfcb1949918d18b7eb107afd5eba29864438a3fd1d9fcc02fa","side":"sell","tokenAddr":"0xe58abb2977780207b5aa91e65244a40d62cbf4f9","price":0.00005,"amount":"86000000000000000000","amountBase":"4300000000000000"},{"txHash":"0x1eb4d14704349b889a050debcfc0763f7c64ac34ef3af6d15aa6eb30a9208c3f","blockNumber":1770171,"date":"2018-02-14T15:35:47.797Z","buyer":"0xb176c618b754f2365e8dbd7e0781f12907bcea4d","seller":"0xb176c618b754f2365e8dbd7e0781f12907bcea4d","r":"0xd19c6201649e18a24518d0df2074c791198433c0fb5d54e19933f52806fe2bb9","v":"28","s":"0x682f7aeb9f1344853ea3428f482f876ae02dda29faa13d44b55c43a54b1f29c1","side":"buy","tokenAddr":"0xe58abb2977780207b5aa91e65244a40d62cbf4f9","price":0.0000096,"amount":"15000000000000000000","amountBase":"144000000000000"},{"txHash":"0x1eb4d14704349b889a050debcfc0763f7c64ac34ef3af6d15aa6eb30a9208c3f","blockNumber":1770171,"date":"2018-02-14T15:35:48.275Z","buyer":"0xb176c618b754f2365e8dbd7e0781f12907bcea4d","seller":"0xb176c618b754f2365e8dbd7e0781f12907bcea4d","r":"0xd19c6201649e18a24518d0df2074c791198433c0fb5d54e19933f52806fe2bb9","v":"28","s":"0x682f7aeb9f1344853ea3428f482f876ae02dda29faa13d44b55c43a54b1f29c1","side":"buy","tokenAddr":"0xe58abb2977780207b5aa91e65244a40d62cbf4f9","price":0.0000096,"amount":"15000000000000000000","amountBase":"144000000000000"},{"txHash":"0x1eb4d14704349b889a050debcfc0763f7c64ac34ef3af6d15aa6eb30a9208c3f","blockNumber":1770171,"date":"2018-02-14T15:35:48.278Z","buyer":"0xb176c618b754f2365e8dbd7e0781f12907bcea4d","seller":"0xb176c618b754f2365e8dbd7e0781f12907bcea4d","r":"0xd19c6201649e18a24518d0df2074c791198433c0fb5d54e19933f52806fe2bb9","v":"28","s":"0x682f7aeb9f1344853ea3428f482f876ae02dda29faa13d44b55c43a54b1f29c1","side":"buy","tokenAddr":"0xe58abb2977780207b5aa91e65244a40d62cbf4f9","price":0.0000096,"amount":"15000000000000000000","amountBase":"144000000000000"},{"txHash":"0x74b39c15f564299af969df213a08b443edc744e7dd12d4e6fcd3b8472f73ba49","blockNumber":1770193,"date":"2018-02-14T15:41:20.281Z","buyer":"0xb176c618b754f2365e8dbd7e0781f12907bcea4d","seller":"0xb176c618b754f2365e8dbd7e0781f12907bcea4d","r":"0xd19c6201649e18a24518d0df2074c791198433c0fb5d54e19933f52806fe2bb9","v":"28","s":"0x682f7aeb9f1344853ea3428f482f876ae02dda29faa13d44b55c43a54b1f29c1","side":"buy","tokenAddr":"0xe58abb2977780207b5aa91e65244a40d62cbf4f9","price":0.0000096,"amount":"23000000000000000000","amountBase":"220800000000000"},{"txHash":"0x7b4b46eaecc9e8b5f488161c4d4aa24ba114197882e45c0752e4054134745765","blockNumber":1770619,"date":"2018-02-14T17:27:48.336Z","buyer":"0x61a686e6b55c99c20f9b85e5bf92b03da2d928cc","seller":"0xb176c618b754f2365e8dbd7e0781f12907bcea4d","r":"0xb35e6d546e9642c586c68f2060cdd9401a7bd1037c2aa2d5d16c2de3820ce8b8","v":"28","s":"0x5eb1c893af0cd0dfcb1949918d18b7eb107afd5eba29864438a3fd1d9fcc02fa","side":"sell","tokenAddr":"0xe58abb2977780207b5aa91e65244a40d62cbf4f9","price":0.00005,"amount":"39000000000000000000","amountBase":"1950000000000000"},{"txHash":"0xf971d8d82ffcbc5562b54c4b517613d6ab7e74a2db3b66735f2dfa5b6aee69be","blockNumber":1770624,"date":"2018-02-14T17:29:03.503Z","buyer":"0x61a686e6b55c99c20f9b85e5bf92b03da2d928cc","seller":"0xb176c618b754f2365e8dbd7e0781f12907bcea4d","r":"0x7c897942b362279efc09a810b22db44c7d60b15722ae8b31a278c49ae7de1ff1","v":"28","s":"0x502c402acdce9b695605c721358d0676814aee0f2c997be217cdb5bfa1abb5d9","side":"buy","tokenAddr":"0xe58abb2977780207b5aa91e65244a40d62cbf4f9","price":0.000003,"amount":"50000000000000000000","amountBase":"150000000000000"},{"txHash":"0xb383fbe7d62289a1a6cbd7c84ad9128d14a57f256822354508c0dd22b44cfa53","blockNumber":1775424,"date":"2018-02-15T14:34:19.602Z","buyer":"0x61a686e6b55c99c20f9b85e5bf92b03da2d928cc","seller":"0xb176c618b754f2365e8dbd7e0781f12907bcea4d","r":"0x3662f64cf0a3d954de4cf9b6283b1c691c532e956be995e8b23cfd3f4a913c6b","v":"27","s":"0x5592d2cba77bac3ff1f1f1c49d54af38895b9339e2a968db837894705a1c9fc0","side":"sell","tokenAddr":"0xe58abb2977780207b5aa91e65244a40d62cbf4f9","price":0.00005,"amount":"4000000000000000000","amountBase":"200000000000000"},{"txHash":"0xd2a9f3630188545f89ef39fff7ef01f91ebbb722a2bc1223f7ade840cd902236","blockNumber":1775744,"date":"2018-02-15T14:54:03.624Z","buyer":"0x61a686e6b55c99c20f9b85e5bf92b03da2d928cc","seller":"0xb176c618b754f2365e8dbd7e0781f12907bcea4d","r":"0x1cd8dd6ef4e26efc4fd3d4e6dca14ed8415355d5fe81275397cc20eda2d82ca6","v":"28","s":"0x7113ddaecdbaba5c22aae334ebc437d87aa9454d63a6fc98a7f9ab921dcdc8e6","side":"buy","tokenAddr":"0xe58abb2977780207b5aa91e65244a40d62cbf4f9","price":0.000005,"amount":"9000000000000000000","amountBase":"45000000000000"},{"txHash":"0x8ef4b6baa44418a6159e0911cb19bb884f7a637eeaf7f8ff13c37a7d9979e1fa","blockNumber":1775819,"date":"2018-02-15T15:08:19.182Z","buyer":"0x61a686e6b55c99c20f9b85e5bf92b03da2d928cc","seller":"0xb176c618b754f2365e8dbd7e0781f12907bcea4d","r":"0x1cd8dd6ef4e26efc4fd3d4e6dca14ed8415355d5fe81275397cc20eda2d82ca6","v":"28","s":"0x7113ddaecdbaba5c22aae334ebc437d87aa9454d63a6fc98a7f9ab921dcdc8e6","side":"buy","tokenAddr":"0xe58abb2977780207b5aa91e65244a40d62cbf4f9","price":0.000005,"amount":"7000000000000000000","amountBase":"35000000000000"},{"txHash":"0x2ebcb2b618ffd38aa238acb0e901c8a747adb665987df4322288faba89d0be83","blockNumber":1775902,"date":"2018-02-15T15:29:03.113Z","buyer":"0x61a686e6b55c99c20f9b85e5bf92b03da2d928cc","seller":"0x61a686e6b55c99c20f9b85e5bf92b03da2d928cc","r":"0x14217e1e08070269e1cfbd0f70baaa328f8e254f780243e7318f48539179d4f1","v":"27","s":"0x706c2f66a5d947f2403f4173dacae78560da5b9ef3673df8edf1b969b905eacd","side":"buy","tokenAddr":"0xe58abb2977780207b5aa91e65244a40d62cbf4f9","price":0.0003,"amount":"8000000000000000000","amountBase":"2400000000000000"},{"txHash":"0x0bb0de7ad2de7f96850d69b9aec4cd3186da38275319cfff64318eaf62074f8a","blockNumber":1776035,"date":"2018-02-15T16:02:18.929Z","buyer":"0x61a686e6b55c99c20f9b85e5bf92b03da2d928cc","seller":"0xb176c618b754f2365e8dbd7e0781f12907bcea4d","r":"0xd8156b3099c368db25ba81fd01871807f95243aa675fa042eea001c57765ac27","v":"28","s":"0x669e49b6b9ded158f74372f77e89260d20c6fe64ee26650c60f43e44a66610c3","side":"sell","tokenAddr":"0xe58abb2977780207b5aa91e65244a40d62cbf4f9","price":0.1,"amount":"977704615691356790","amountBase":"97770461569135679"},{"txHash":"0xd01150868699948d1ca7e4a5f99b14f1d1683702ad08bbdcd150ecfcb2feb2b5","blockNumber":1776069,"date":"2018-02-15T16:10:48.367Z","buyer":"0x61a686e6b55c99c20f9b85e5bf92b03da2d928cc","seller":"0xb176c618b754f2365e8dbd7e0781f12907bcea4d","r":"0x6e22f6b89147db8a7b43dfaa9d33665b464c775db5ad2b770d82d632ae3b9c43","v":"28","s":"0x64c0de41cf26ebf0aa31f3be77a828cf42a498f0f7b9ccbeeaba7af2f21d53e1","side":"sell","tokenAddr":"0xe58abb2977780207b5aa91e65244a40d62cbf4f9","price":0.001,"amount":"1000000000000000000","amountBase":"1000000000000000"},{"txHash":"0x5c464442349aa9374d73597313e5278b05fadff95d1b6d0a060f8ec2ecc5878e","blockNumber":1776076,"date":"2018-02-15T16:12:33.613Z","buyer":"0x61a686e6b55c99c20f9b85e5bf92b03da2d928cc","seller":"0xb176c618b754f2365e8dbd7e0781f12907bcea4d","r":"0x6e22f6b89147db8a7b43dfaa9d33665b464c775db5ad2b770d82d632ae3b9c43","v":"28","s":"0x64c0de41cf26ebf0aa31f3be77a828cf42a498f0f7b9ccbeeaba7af2f21d53e1","side":"sell","tokenAddr":"0xe58abb2977780207b5aa91e65244a40d62cbf4f9","price":0.001,"amount":"9000000000000000000","amountBase":"9000000000000000"},{"txHash":"0x79549b962a89f6de49d98a2a38fff6ca9519234760b53d61a2bfde6314d4b891","blockNumber":1776083,"date":"2018-02-15T16:14:18.285Z","buyer":"0x61a686e6b55c99c20f9b85e5bf92b03da2d928cc","seller":"0xb176c618b754f2365e8dbd7e0781f12907bcea4d","r":"0x6e22f6b89147db8a7b43dfaa9d33665b464c775db5ad2b770d82d632ae3b9c43","v":"28","s":"0x64c0de41cf26ebf0aa31f3be77a828cf42a498f0f7b9ccbeeaba7af2f21d53e1","side":"sell","tokenAddr":"0xe58abb2977780207b5aa91e65244a40d62cbf4f9","price":0.001,"amount":"40000000000000000000","amountBase":"40000000000000000"},{"txHash":"0x1452e8dfb51518f87ee7e5ddc80f3260e1b25ec70c24eaac86943441f3271a38","blockNumber":1776089,"date":"2018-02-15T16:15:48.554Z","buyer":"0x61a686e6b55c99c20f9b85e5bf92b03da2d928cc","seller":"0xb176c618b754f2365e8dbd7e0781f12907bcea4d","r":"0x6e22f6b89147db8a7b43dfaa9d33665b464c775db5ad2b770d82d632ae3b9c43","v":"28","s":"0x64c0de41cf26ebf0aa31f3be77a828cf42a498f0f7b9ccbeeaba7af2f21d53e1","side":"sell","tokenAddr":"0xe58abb2977780207b5aa91e65244a40d62cbf4f9","price":0.001,"amount":"150000000000000000000","amountBase":"150000000000000000"},{"txHash":"0xf3a7ef782e03c72d2b502021165f8a85505d2cb17273ffd533f0a15a2447f289","blockNumber":1776102,"date":"2018-02-15T16:19:03.833Z","buyer":"0x61a686e6b55c99c20f9b85e5bf92b03da2d928cc","seller":"0xb176c618b754f2365e8dbd7e0781f12907bcea4d","r":"0x6e22f6b89147db8a7b43dfaa9d33665b464c775db5ad2b770d82d632ae3b9c43","v":"28","s":"0x64c0de41cf26ebf0aa31f3be77a828cf42a498f0f7b9ccbeeaba7af2f21d53e1","side":"sell","tokenAddr":"0xe58abb2977780207b5aa91e65244a40d62cbf4f9","price":0.001,"amount":"200000000000000000000","amountBase":"200000000000000000"},{"txHash":"0x36e4b3107e89f4b1965298e30879d7873db7153d1949a6cb6b5c5099ec1da39a","blockNumber":1776120,"date":"2018-02-15T16:23:34.503Z","buyer":"0xb176c618b754f2365e8dbd7e0781f12907bcea4d","seller":"0x61a686e6b55c99c20f9b85e5bf92b03da2d928cc","r":"0x631f0c256acedf8668b4d1f8f8828e967e63dfe10f7b3422b50b03a47305f78a","v":"28","s":"0x77fae0962d17b9e1c6824e841f6bfb264df7685b2bbe9dc0a1907c3cbc0d9639","side":"sell","tokenAddr":"0xe58abb2977780207b5aa91e65244a40d62cbf4f9","price":0.002,"amount":"100000000000000000000","amountBase":"200000000000000000"},{"txHash":"0x7adda69bc4170b990f821a21eb807872f0aeffff3316d4d0cf4a069814863a95","blockNumber":1776276,"date":"2018-02-15T17:02:37.779Z","buyer":"0x006e3752d7c043274fd44dcb6816ffd8a2d367f2","seller":"0xb176c618b754f2365e8dbd7e0781f12907bcea4d","r":"0x6e22f6b89147db8a7b43dfaa9d33665b464c775db5ad2b770d82d632ae3b9c43","v":"28","s":"0x64c0de41cf26ebf0aa31f3be77a828cf42a498f0f7b9ccbeeaba7af2f21d53e1","side":"sell","tokenAddr":"0xe58abb2977780207b5aa91e65244a40d62cbf4f9","price":0.001,"amount":"6000000000000000000","amountBase":"6000000000000000"},{"txHash":"0xe3937726183ecdad62d40de1741851ae1f890ddf072fbfae474037e394066ad9","blockNumber":1776406,"date":"2018-02-15T17:35:06.469Z","buyer":"0x006e3752d7c043274fd44dcb6816ffd8a2d367f2","seller":"0xb176c618b754f2365e8dbd7e0781f12907bcea4d","r":"0x6e22f6b89147db8a7b43dfaa9d33665b464c775db5ad2b770d82d632ae3b9c43","v":"28","s":"0x64c0de41cf26ebf0aa31f3be77a828cf42a498f0f7b9ccbeeaba7af2f21d53e1","side":"sell","tokenAddr":"0xe58abb2977780207b5aa91e65244a40d62cbf4f9","price":0.001,"amount":"5000000000000000000","amountBase":"5000000000000000"},{"txHash":"0xdb75eeed5e6647a21b94cad7d589b5e48bba4d1dfa7fff7f8c7607b91871a08d","blockNumber":1776423,"date":"2018-02-15T17:39:21.360Z","buyer":"0x006e3752d7c043274fd44dcb6816ffd8a2d367f2","seller":"0xb176c618b754f2365e8dbd7e0781f12907bcea4d","r":"0x6e22f6b89147db8a7b43dfaa9d33665b464c775db5ad2b770d82d632ae3b9c43","v":"28","s":"0x64c0de41cf26ebf0aa31f3be77a828cf42a498f0f7b9ccbeeaba7af2f21d53e1","side":"sell","tokenAddr":"0xe58abb2977780207b5aa91e65244a40d62cbf4f9","price":0.001,"amount":"12000000000000000000","amountBase":"12000000000000000"},{"txHash":"0x8043d5b0e2167330f333e03b68165b6e8531b64b3ccd70a41cb3666024c94f63","blockNumber":1781961,"date":"2018-02-16T16:43:48.218Z","buyer":"0x61a686e6b55c99c20f9b85e5bf92b03da2d928cc","seller":"0xb176c618b754f2365e8dbd7e0781f12907bcea4d","r":"0x6e22f6b89147db8a7b43dfaa9d33665b464c775db5ad2b770d82d632ae3b9c43","v":"28","s":"0x64c0de41cf26ebf0aa31f3be77a828cf42a498f0f7b9ccbeeaba7af2f21d53e1","side":"sell","tokenAddr":"0xe58abb2977780207b5aa91e65244a40d62cbf4f9","price":0.001,"amount":"577000000000000000000","amountBase":"577000000000000000"}],"updated":"2018-02-16T16:43:49.934Z"}
