{"trades":[{"txHash":"0xe1b13b62f6d29d91aec61392da44024a9e78efcc941b5ad41ea5158efd52dfac","blockNumber":1615205,"date":"2018-02-07T15:59:18.954Z","buyer":"0xb176c618b754f2365e8dbd7e0781f12907bcea4d","seller":"0xb176c618b754f2365e8dbd7e0781f12907bcea4d","side":"sell","tokenAddr":"0xe58abb2977780207b5aa91e65244a40d62cbf4f9","price":0.0005,"amount":"1000000000000000000","amountBase":"500000000000000","command":"updateOrder"},{"txHash":"0x9b373f74f6553269cbb11e8695f35f4c79b266a8563617053c8b878494b95514","blockNumber":1619994,"date":"2018-02-07T15:59:18.954Z","buyer":"0xb176c618b754f2365e8dbd7e0781f12907bcea4d","seller":"0xb176c618b754f2365e8dbd7e0781f12907bcea4d","side":"sell","tokenAddr":"0xe58abb2977780207b5aa91e65244a40d62cbf4f9","price":0.0005,"amount":"4000000000000000000","amountBase":"2000000000000000","command":"updateOrder"},{"txHash":"0x2f7fdc929bfea1d670ff4bed6452b2d39e31189dd7ffd001cf5e0d91ae3f1de9","blockNumber":1620026,"date":"2018-02-07T15:59:18.954Z","buyer":"0xb176c618b754f2365e8dbd7e0781f12907bcea4d","seller":"0xb176c618b754f2365e8dbd7e0781f12907bcea4d","side":"buy","tokenAddr":"0xe58abb2977780207b5aa91e65244a40d62cbf4f9","price":0.00003,"amount":"2000000000000000000","amountBase":"60000000000000","command":"updateOrder"},{"txHash":"0x8c74cf5cf0ae6de19752bb6e454f91fded55c2f685b719b59e2340c6fce46aff","blockNumber":1620959,"date":"2018-02-07T15:59:18.954Z","buyer":"0xb176c618b754f2365e8dbd7e0781f12907bcea4d","seller":"0xb176c618b754f2365e8dbd7e0781f12907bcea4d","side":"sell","tokenAddr":"0xe58abb2977780207b5aa91e65244a40d62cbf4f9","price":0.0005,"amount":"10000000000000000000","amountBase":"5000000000000000","command":"updateOrder"},{"txHash":"0x18033712b3f3d6edcdd8c6c08487d957d5af2c62eb59928de2ab21a7415441e5","blockNumber":1626587,"date":"2018-02-07T15:59:18.954Z","buyer":"0xb176c618b754f2365e8dbd7e0781f12907bcea4d","seller":"0xb176c618b754f2365e8dbd7e0781f12907bcea4d","side":"sell","tokenAddr":"0xe58abb2977780207b5aa91e65244a40d62cbf4f9","price":0.008,"amount":"3000000000000000000","amountBase":"24000000000000000","command":"updateOrder"},{"txHash":"0xfa17a34c48cb28ce3104643a3154787e717efef8edf27d32063829cb835b32a9","blockNumber":1626706,"date":"2018-02-07T15:59:18.954Z","buyer":"0xb176c618b754f2365e8dbd7e0781f12907bcea4d","seller":"0xb176c618b754f2365e8dbd7e0781f12907bcea4d","side":"sell","tokenAddr":"0xe58abb2977780207b5aa91e65244a40d62cbf4f9","price":0.008,"amount":"4500000000000000000","amountBase":"36000000000000000","command":"updateOrder"},{"txHash":"0xa66c5f78583310c3355f35113f2b367b7c05f034a6a37c7b59e88366b4762334","blockNumber":1638039,"date":"2018-02-07T15:59:18.954Z","buyer":"0xb176c618b754f2365e8dbd7e0781f12907bcea4d","seller":"0xb176c618b754f2365e8dbd7e0781f12907bcea4d","side":"buy","tokenAddr":"0xe58abb2977780207b5aa91e65244a40d62cbf4f9","price":0.00002368,"amount":"2000000000000000000","amountBase":"47360000000000","command":"updateOrder"},{"txHash":"0x515120daa29e3e07ef5af7eba18e68413e5fbc379e858c3871384c944ffd4e0d","blockNumber":1638289,"date":"2018-02-07T15:59:18.969Z","buyer":"0xb176c618b754f2365e8dbd7e0781f12907bcea4d","seller":"0xb176c618b754f2365e8dbd7e0781f12907bcea4d","side":"buy","tokenAddr":"0xe58abb2977780207b5aa91e65244a40d62cbf4f9","price":0.00003,"amount":"3000000000000000000","amountBase":"90000000000000","command":"updateOrder"},{"txHash":"0x78d2ff167f09e6b8b031f648b76efc2aa7b60129bbf21539dbecc2a04891f918","blockNumber":1724515,"date":"2018-02-07T15:59:18.969Z","buyer":"0xb176c618b754f2365e8dbd7e0781f12907bcea4d","seller":"0xb176c618b754f2365e8dbd7e0781f12907bcea4d","side":"sell","tokenAddr":"0xe58abb2977780207b5aa91e65244a40d62cbf4f9","price":5e-8,"amount":"123000000000000000000","amountBase":"6150000000000","command":"updateOrder"},{"txHash":"0xdb13c9765cf656af7ac4f13a0b1bbb586d1e90da2181462b39bbfb3c90a0cc24","blockNumber":1729729,"date":"2018-02-07T15:59:18.969Z","buyer":"0xb176c618b754f2365e8dbd7e0781f12907bcea4d","seller":"0xb176c618b754f2365e8dbd7e0781f12907bcea4d","side":"sell","tokenAddr":"0xe58abb2977780207b5aa91e65244a40d62cbf4f9","price":4e-8,"amount":"8000000000000000000","amountBase":"320000000000","command":"updateOrder"},{"txHash":"0x75cae877776e7e49ac6f7fcfc6d92f11cbf7ca006e3ed6d5918e655ccaaa1573","blockNumber":1729731,"date":"2018-02-07T16:01:26.810Z","buyer":"0xb176c618b754f2365e8dbd7e0781f12907bcea4d","seller":"0xb176c618b754f2365e8dbd7e0781f12907bcea4d","side":"buy","tokenAddr":"0xe58abb2977780207b5aa91e65244a40d62cbf4f9","price":0.002,"amount":"4000000000000000000","amountBase":"8000000000000000","command":"updateOrder"},{"txHash":"0x9c87db4cc9800448550483a327ed8c84f2a5806b003237d16310f40d26bd12cb","blockNumber":1729809,"date":"2018-02-07T16:02:14.289Z","buyer":"0xb176c618b754f2365e8dbd7e0781f12907bcea4d","seller":"0xb176c618b754f2365e8dbd7e0781f12907bcea4d","side":"buy","tokenAddr":"0xe58abb2977780207b5aa91e65244a40d62cbf4f9","price":0.002,"amount":"4000000000000000000","amountBase":"8000000000000000","command":"updateOrder"},{"txHash":"0x9c87db4cc9800448550483a327ed8c84f2a5806b003237d16310f40d26bd12cb","blockNumber":1729809,"date":"2018-02-07T16:54:00.805Z","buyer":"0xb176c618b754f2365e8dbd7e0781f12907bcea4d","seller":"0xb176c618b754f2365e8dbd7e0781f12907bcea4d","side":"buy","tokenAddr":"0xe58abb2977780207b5aa91e65244a40d62cbf4f9","price":0.002,"amount":"4000000000000000000","amountBase":"8000000000000000","command":"updateOrder"},{"txHash":"0x872b8484df497aee6f5152c53e04cd9d3a2b43e676f2470092fbee17e45474f1","blockNumber":1730177,"date":"2018-02-07T16:58:25.033Z","buyer":"0xb176c618b754f2365e8dbd7e0781f12907bcea4d","seller":"0xb176c618b754f2365e8dbd7e0781f12907bcea4d","side":"buy","tokenAddr":"0xe58abb2977780207b5aa91e65244a40d62cbf4f9","price":0.02,"amount":"4000000000000000000","amountBase":"80000000000000000","command":"updateOrder"},{"txHash":"0xe2d0d8ef365c1d7352ba09ba83f6fac521b3d5c4bf062a275962d2481c7690df","blockNumber":1730188,"date":"2018-02-07T16:59:38.593Z","buyer":"0xb176c618b754f2365e8dbd7e0781f12907bcea4d","seller":"0xb176c618b754f2365e8dbd7e0781f12907bcea4d","side":"buy","tokenAddr":"0xe58abb2977780207b5aa91e65244a40d62cbf4f9","price":0.02,"amount":"5000000000000000000","amountBase":"100000000000000000","command":"updateOrder"}],"updated":"2018-02-07T16:59:38.601Z"}
