{"trades":[{"txHash":"0x9b373f74f6553269cbb11e8695f35f4c79b266a8563617053c8b878494b95514","blockNumber":1619994,"date":"2018-02-08T13:45:17.277Z","buyer":"0xb176c618b754f2365e8dbd7e0781f12907bcea4d","seller":"0xb176c618b754f2365e8dbd7e0781f12907bcea4d","side":"sell","tokenAddr":"0xe58abb2977780207b5aa91e65244a40d62cbf4f9","price":0.0005,"amount":"4000000000000000000","amountBase":"2000000000000000","command":"newTrade"},{"txHash":"0x2f7fdc929bfea1d670ff4bed6452b2d39e31189dd7ffd001cf5e0d91ae3f1de9","blockNumber":1620026,"date":"2018-02-08T13:45:17.278Z","buyer":"0xb176c618b754f2365e8dbd7e0781f12907bcea4d","seller":"0xb176c618b754f2365e8dbd7e0781f12907bcea4d","side":"buy","tokenAddr":"0xe58abb2977780207b5aa91e65244a40d62cbf4f9","price":0.00003,"amount":"2000000000000000000","amountBase":"60000000000000","command":"newTrade"},{"txHash":"0x8c74cf5cf0ae6de19752bb6e454f91fded55c2f685b719b59e2340c6fce46aff","blockNumber":1620959,"date":"2018-02-08T13:45:17.279Z","buyer":"0xb176c618b754f2365e8dbd7e0781f12907bcea4d","seller":"0xb176c618b754f2365e8dbd7e0781f12907bcea4d","side":"sell","tokenAddr":"0xe58abb2977780207b5aa91e65244a40d62cbf4f9","price":0.0005,"amount":"10000000000000000000","amountBase":"5000000000000000","command":"newTrade"},{"txHash":"0x18033712b3f3d6edcdd8c6c08487d957d5af2c62eb59928de2ab21a7415441e5","blockNumber":1626587,"date":"2018-02-08T13:45:17.280Z","buyer":"0xb176c618b754f2365e8dbd7e0781f12907bcea4d","seller":"0xb176c618b754f2365e8dbd7e0781f12907bcea4d","side":"sell","tokenAddr":"0xe58abb2977780207b5aa91e65244a40d62cbf4f9","price":0.008,"amount":"3000000000000000000","amountBase":"24000000000000000","command":"newTrade"},{"txHash":"0xfa17a34c48cb28ce3104643a3154787e717efef8edf27d32063829cb835b32a9","blockNumber":1626706,"date":"2018-02-08T13:45:17.281Z","buyer":"0xb176c618b754f2365e8dbd7e0781f12907bcea4d","seller":"0xb176c618b754f2365e8dbd7e0781f12907bcea4d","side":"sell","tokenAddr":"0xe58abb2977780207b5aa91e65244a40d62cbf4f9","price":0.008,"amount":"4500000000000000000","amountBase":"36000000000000000","command":"newTrade"},{"txHash":"0xa66c5f78583310c3355f35113f2b367b7c05f034a6a37c7b59e88366b4762334","blockNumber":1638039,"date":"2018-02-08T13:45:17.282Z","buyer":"0xb176c618b754f2365e8dbd7e0781f12907bcea4d","seller":"0xb176c618b754f2365e8dbd7e0781f12907bcea4d","side":"buy","tokenAddr":"0xe58abb2977780207b5aa91e65244a40d62cbf4f9","price":0.00002368,"amount":"2000000000000000000","amountBase":"47360000000000","command":"newTrade"},{"txHash":"0x515120daa29e3e07ef5af7eba18e68413e5fbc379e858c3871384c944ffd4e0d","blockNumber":1638289,"date":"2018-02-08T13:45:17.283Z","buyer":"0xb176c618b754f2365e8dbd7e0781f12907bcea4d","seller":"0xb176c618b754f2365e8dbd7e0781f12907bcea4d","side":"buy","tokenAddr":"0xe58abb2977780207b5aa91e65244a40d62cbf4f9","price":0.00003,"amount":"3000000000000000000","amountBase":"90000000000000","command":"newTrade"},{"txHash":"0x78d2ff167f09e6b8b031f648b76efc2aa7b60129bbf21539dbecc2a04891f918","blockNumber":1724515,"date":"2018-02-08T13:45:17.284Z","buyer":"0xb176c618b754f2365e8dbd7e0781f12907bcea4d","seller":"0xb176c618b754f2365e8dbd7e0781f12907bcea4d","side":"sell","tokenAddr":"0xe58abb2977780207b5aa91e65244a40d62cbf4f9","price":5e-8,"amount":"123000000000000000000","amountBase":"6150000000000"},{"txHash":"0xdb13c9765cf656af7ac4f13a0b1bbb586d1e90da2181462b39bbfb3c90a0cc24","blockNumber":1729729,"date":"2018-02-08T13:45:17.285Z","buyer":"0xb176c618b754f2365e8dbd7e0781f12907bcea4d","seller":"0xb176c618b754f2365e8dbd7e0781f12907bcea4d","side":"sell","tokenAddr":"0xe58abb2977780207b5aa91e65244a40d62cbf4f9","price":4e-8,"amount":"8000000000000000000","amountBase":"320000000000"},{"txHash":"0x75cae877776e7e49ac6f7fcfc6d92f11cbf7ca006e3ed6d5918e655ccaaa1573","blockNumber":1729731,"date":"2018-02-08T13:45:17.286Z","buyer":"0xb176c618b754f2365e8dbd7e0781f12907bcea4d","seller":"0xb176c618b754f2365e8dbd7e0781f12907bcea4d","side":"buy","tokenAddr":"0xe58abb2977780207b5aa91e65244a40d62cbf4f9","price":0.002,"amount":"4000000000000000000","amountBase":"8000000000000000"},{"txHash":"0x9c87db4cc9800448550483a327ed8c84f2a5806b003237d16310f40d26bd12cb","blockNumber":1729809,"date":"2018-02-08T13:45:17.287Z","buyer":"0xb176c618b754f2365e8dbd7e0781f12907bcea4d","seller":"0xb176c618b754f2365e8dbd7e0781f12907bcea4d","side":"buy","tokenAddr":"0xe58abb2977780207b5aa91e65244a40d62cbf4f9","price":0.002,"amount":"4000000000000000000","amountBase":"8000000000000000"},{"txHash":"0xe1b13b62f6d29d91aec61392da44024a9e78efcc941b5ad41ea5158efd52dfac","blockNumber":1615205,"date":"2018-02-08T13:46:10.177Z","buyer":"0xb176c618b754f2365e8dbd7e0781f12907bcea4d","seller":"0xb176c618b754f2365e8dbd7e0781f12907bcea4d","side":"sell","tokenAddr":"0xe58abb2977780207b5aa91e65244a40d62cbf4f9","price":0.0005,"amount":"1000000000000000000","amountBase":"500000000000000"},{"txHash":"0x9b373f74f6553269cbb11e8695f35f4c79b266a8563617053c8b878494b95514","blockNumber":1619994,"date":"2018-02-08T13:47:06.391Z","buyer":"0xb176c618b754f2365e8dbd7e0781f12907bcea4d","seller":"0xb176c618b754f2365e8dbd7e0781f12907bcea4d","side":"sell","tokenAddr":"0xe58abb2977780207b5aa91e65244a40d62cbf4f9","price":0.0005,"amount":"4000000000000000000","amountBase":"2000000000000000"},{"txHash":"0x2f7fdc929bfea1d670ff4bed6452b2d39e31189dd7ffd001cf5e0d91ae3f1de9","blockNumber":1620026,"date":"2018-02-08T13:47:08.171Z","buyer":"0xb176c618b754f2365e8dbd7e0781f12907bcea4d","seller":"0xb176c618b754f2365e8dbd7e0781f12907bcea4d","side":"buy","tokenAddr":"0xe58abb2977780207b5aa91e65244a40d62cbf4f9","price":0.00003,"amount":"2000000000000000000","amountBase":"60000000000000"},{"txHash":"0x8c74cf5cf0ae6de19752bb6e454f91fded55c2f685b719b59e2340c6fce46aff","blockNumber":1620959,"date":"2018-02-08T13:47:08.172Z","buyer":"0xb176c618b754f2365e8dbd7e0781f12907bcea4d","seller":"0xb176c618b754f2365e8dbd7e0781f12907bcea4d","side":"sell","tokenAddr":"0xe58abb2977780207b5aa91e65244a40d62cbf4f9","price":0.0005,"amount":"10000000000000000000","amountBase":"5000000000000000"},{"txHash":"0x18033712b3f3d6edcdd8c6c08487d957d5af2c62eb59928de2ab21a7415441e5","blockNumber":1626587,"date":"2018-02-08T13:47:08.174Z","buyer":"0xb176c618b754f2365e8dbd7e0781f12907bcea4d","seller":"0xb176c618b754f2365e8dbd7e0781f12907bcea4d","side":"sell","tokenAddr":"0xe58abb2977780207b5aa91e65244a40d62cbf4f9","price":0.008,"amount":"3000000000000000000","amountBase":"24000000000000000"},{"txHash":"0xfa17a34c48cb28ce3104643a3154787e717efef8edf27d32063829cb835b32a9","blockNumber":1626706,"date":"2018-02-08T13:47:08.176Z","buyer":"0xb176c618b754f2365e8dbd7e0781f12907bcea4d","seller":"0xb176c618b754f2365e8dbd7e0781f12907bcea4d","side":"sell","tokenAddr":"0xe58abb2977780207b5aa91e65244a40d62cbf4f9","price":0.008,"amount":"4500000000000000000","amountBase":"36000000000000000"},{"txHash":"0xa66c5f78583310c3355f35113f2b367b7c05f034a6a37c7b59e88366b4762334","blockNumber":1638039,"date":"2018-02-08T13:47:08.177Z","buyer":"0xb176c618b754f2365e8dbd7e0781f12907bcea4d","seller":"0xb176c618b754f2365e8dbd7e0781f12907bcea4d","side":"buy","tokenAddr":"0xe58abb2977780207b5aa91e65244a40d62cbf4f9","price":0.00002368,"amount":"2000000000000000000","amountBase":"47360000000000"},{"txHash":"0x515120daa29e3e07ef5af7eba18e68413e5fbc379e858c3871384c944ffd4e0d","blockNumber":1638289,"date":"2018-02-08T13:47:08.178Z","buyer":"0xb176c618b754f2365e8dbd7e0781f12907bcea4d","seller":"0xb176c618b754f2365e8dbd7e0781f12907bcea4d","side":"buy","tokenAddr":"0xe58abb2977780207b5aa91e65244a40d62cbf4f9","price":0.00003,"amount":"3000000000000000000","amountBase":"90000000000000"},{"txHash":"0x78d2ff167f09e6b8b031f648b76efc2aa7b60129bbf21539dbecc2a04891f918","blockNumber":1724515,"date":"2018-02-08T13:47:08.179Z","buyer":"0xb176c618b754f2365e8dbd7e0781f12907bcea4d","seller":"0xb176c618b754f2365e8dbd7e0781f12907bcea4d","side":"sell","tokenAddr":"0xe58abb2977780207b5aa91e65244a40d62cbf4f9","price":5e-8,"amount":"123000000000000000000","amountBase":"6150000000000"},{"txHash":"0xdb13c9765cf656af7ac4f13a0b1bbb586d1e90da2181462b39bbfb3c90a0cc24","blockNumber":1729729,"date":"2018-02-08T13:47:08.180Z","buyer":"0xb176c618b754f2365e8dbd7e0781f12907bcea4d","seller":"0xb176c618b754f2365e8dbd7e0781f12907bcea4d","side":"sell","tokenAddr":"0xe58abb2977780207b5aa91e65244a40d62cbf4f9","price":4e-8,"amount":"8000000000000000000","amountBase":"320000000000"},{"txHash":"0x75cae877776e7e49ac6f7fcfc6d92f11cbf7ca006e3ed6d5918e655ccaaa1573","blockNumber":1729731,"date":"2018-02-08T13:47:08.181Z","buyer":"0xb176c618b754f2365e8dbd7e0781f12907bcea4d","seller":"0xb176c618b754f2365e8dbd7e0781f12907bcea4d","side":"buy","tokenAddr":"0xe58abb2977780207b5aa91e65244a40d62cbf4f9","price":0.002,"amount":"4000000000000000000","amountBase":"8000000000000000"},{"txHash":"0x9c87db4cc9800448550483a327ed8c84f2a5806b003237d16310f40d26bd12cb","blockNumber":1729809,"date":"2018-02-08T13:47:08.183Z","buyer":"0xb176c618b754f2365e8dbd7e0781f12907bcea4d","seller":"0xb176c618b754f2365e8dbd7e0781f12907bcea4d","side":"buy","tokenAddr":"0xe58abb2977780207b5aa91e65244a40d62cbf4f9","price":0.002,"amount":"4000000000000000000","amountBase":"8000000000000000"},{"txHash":"0xe1b13b62f6d29d91aec61392da44024a9e78efcc941b5ad41ea5158efd52dfac","blockNumber":1615205,"date":"2018-02-08T13:47:40.087Z","buyer":"0xb176c618b754f2365e8dbd7e0781f12907bcea4d","seller":"0xb176c618b754f2365e8dbd7e0781f12907bcea4d","side":"sell","tokenAddr":"0xe58abb2977780207b5aa91e65244a40d62cbf4f9","price":0.0005,"amount":"1000000000000000000","amountBase":"500000000000000"},{"txHash":"0x9b373f74f6553269cbb11e8695f35f4c79b266a8563617053c8b878494b95514","blockNumber":1619994,"date":"2018-02-08T13:47:40.089Z","buyer":"0xb176c618b754f2365e8dbd7e0781f12907bcea4d","seller":"0xb176c618b754f2365e8dbd7e0781f12907bcea4d","side":"sell","tokenAddr":"0xe58abb2977780207b5aa91e65244a40d62cbf4f9","price":0.0005,"amount":"4000000000000000000","amountBase":"2000000000000000"},{"txHash":"0x2f7fdc929bfea1d670ff4bed6452b2d39e31189dd7ffd001cf5e0d91ae3f1de9","blockNumber":1620026,"date":"2018-02-08T13:47:40.089Z","buyer":"0xb176c618b754f2365e8dbd7e0781f12907bcea4d","seller":"0xb176c618b754f2365e8dbd7e0781f12907bcea4d","side":"buy","tokenAddr":"0xe58abb2977780207b5aa91e65244a40d62cbf4f9","price":0.00003,"amount":"2000000000000000000","amountBase":"60000000000000"},{"txHash":"0x8c74cf5cf0ae6de19752bb6e454f91fded55c2f685b719b59e2340c6fce46aff","blockNumber":1620959,"date":"2018-02-08T13:47:40.089Z","buyer":"0xb176c618b754f2365e8dbd7e0781f12907bcea4d","seller":"0xb176c618b754f2365e8dbd7e0781f12907bcea4d","side":"sell","tokenAddr":"0xe58abb2977780207b5aa91e65244a40d62cbf4f9","price":0.0005,"amount":"10000000000000000000","amountBase":"5000000000000000"},{"txHash":"0x18033712b3f3d6edcdd8c6c08487d957d5af2c62eb59928de2ab21a7415441e5","blockNumber":1626587,"date":"2018-02-08T13:47:40.090Z","buyer":"0xb176c618b754f2365e8dbd7e0781f12907bcea4d","seller":"0xb176c618b754f2365e8dbd7e0781f12907bcea4d","side":"sell","tokenAddr":"0xe58abb2977780207b5aa91e65244a40d62cbf4f9","price":0.008,"amount":"3000000000000000000","amountBase":"24000000000000000"},{"txHash":"0xfa17a34c48cb28ce3104643a3154787e717efef8edf27d32063829cb835b32a9","blockNumber":1626706,"date":"2018-02-08T13:47:40.090Z","buyer":"0xb176c618b754f2365e8dbd7e0781f12907bcea4d","seller":"0xb176c618b754f2365e8dbd7e0781f12907bcea4d","side":"sell","tokenAddr":"0xe58abb2977780207b5aa91e65244a40d62cbf4f9","price":0.008,"amount":"4500000000000000000","amountBase":"36000000000000000"},{"txHash":"0xa66c5f78583310c3355f35113f2b367b7c05f034a6a37c7b59e88366b4762334","blockNumber":1638039,"date":"2018-02-08T13:47:40.090Z","buyer":"0xb176c618b754f2365e8dbd7e0781f12907bcea4d","seller":"0xb176c618b754f2365e8dbd7e0781f12907bcea4d","side":"buy","tokenAddr":"0xe58abb2977780207b5aa91e65244a40d62cbf4f9","price":0.00002368,"amount":"2000000000000000000","amountBase":"47360000000000"},{"txHash":"0x515120daa29e3e07ef5af7eba18e68413e5fbc379e858c3871384c944ffd4e0d","blockNumber":1638289,"date":"2018-02-08T13:47:40.090Z","buyer":"0xb176c618b754f2365e8dbd7e0781f12907bcea4d","seller":"0xb176c618b754f2365e8dbd7e0781f12907bcea4d","side":"buy","tokenAddr":"0xe58abb2977780207b5aa91e65244a40d62cbf4f9","price":0.00003,"amount":"3000000000000000000","amountBase":"90000000000000"},{"txHash":"0x78d2ff167f09e6b8b031f648b76efc2aa7b60129bbf21539dbecc2a04891f918","blockNumber":1724515,"date":"2018-02-08T13:47:40.091Z","buyer":"0xb176c618b754f2365e8dbd7e0781f12907bcea4d","seller":"0xb176c618b754f2365e8dbd7e0781f12907bcea4d","side":"sell","tokenAddr":"0xe58abb2977780207b5aa91e65244a40d62cbf4f9","price":5e-8,"amount":"123000000000000000000","amountBase":"6150000000000"},{"txHash":"0xdb13c9765cf656af7ac4f13a0b1bbb586d1e90da2181462b39bbfb3c90a0cc24","blockNumber":1729729,"date":"2018-02-08T13:47:40.091Z","buyer":"0xb176c618b754f2365e8dbd7e0781f12907bcea4d","seller":"0xb176c618b754f2365e8dbd7e0781f12907bcea4d","side":"sell","tokenAddr":"0xe58abb2977780207b5aa91e65244a40d62cbf4f9","price":4e-8,"amount":"8000000000000000000","amountBase":"320000000000"},{"txHash":"0x75cae877776e7e49ac6f7fcfc6d92f11cbf7ca006e3ed6d5918e655ccaaa1573","blockNumber":1729731,"date":"2018-02-08T13:47:40.091Z","buyer":"0xb176c618b754f2365e8dbd7e0781f12907bcea4d","seller":"0xb176c618b754f2365e8dbd7e0781f12907bcea4d","side":"buy","tokenAddr":"0xe58abb2977780207b5aa91e65244a40d62cbf4f9","price":0.002,"amount":"4000000000000000000","amountBase":"8000000000000000"},{"txHash":"0x9c87db4cc9800448550483a327ed8c84f2a5806b003237d16310f40d26bd12cb","blockNumber":1729809,"date":"2018-02-08T13:47:40.092Z","buyer":"0xb176c618b754f2365e8dbd7e0781f12907bcea4d","seller":"0xb176c618b754f2365e8dbd7e0781f12907bcea4d","side":"buy","tokenAddr":"0xe58abb2977780207b5aa91e65244a40d62cbf4f9","price":0.002,"amount":"4000000000000000000","amountBase":"8000000000000000"},{"txHash":"0xe1b13b62f6d29d91aec61392da44024a9e78efcc941b5ad41ea5158efd52dfac","blockNumber":1615205,"date":"2018-02-08T14:36:17.596Z","buyer":"0xb176c618b754f2365e8dbd7e0781f12907bcea4d","seller":"0xb176c618b754f2365e8dbd7e0781f12907bcea4d","side":"sell","tokenAddr":"0xe58abb2977780207b5aa91e65244a40d62cbf4f9","price":0.0005,"amount":"1000000000000000000","amountBase":"500000000000000"},{"txHash":"0x9b373f74f6553269cbb11e8695f35f4c79b266a8563617053c8b878494b95514","blockNumber":1619994,"date":"2018-02-08T14:36:17.597Z","buyer":"0xb176c618b754f2365e8dbd7e0781f12907bcea4d","seller":"0xb176c618b754f2365e8dbd7e0781f12907bcea4d","side":"sell","tokenAddr":"0xe58abb2977780207b5aa91e65244a40d62cbf4f9","price":0.0005,"amount":"4000000000000000000","amountBase":"2000000000000000"},{"txHash":"0x2f7fdc929bfea1d670ff4bed6452b2d39e31189dd7ffd001cf5e0d91ae3f1de9","blockNumber":1620026,"date":"2018-02-08T14:36:17.597Z","buyer":"0xb176c618b754f2365e8dbd7e0781f12907bcea4d","seller":"0xb176c618b754f2365e8dbd7e0781f12907bcea4d","side":"buy","tokenAddr":"0xe58abb2977780207b5aa91e65244a40d62cbf4f9","price":0.00003,"amount":"2000000000000000000","amountBase":"60000000000000"},{"txHash":"0x8c74cf5cf0ae6de19752bb6e454f91fded55c2f685b719b59e2340c6fce46aff","blockNumber":1620959,"date":"2018-02-08T14:36:17.598Z","buyer":"0xb176c618b754f2365e8dbd7e0781f12907bcea4d","seller":"0xb176c618b754f2365e8dbd7e0781f12907bcea4d","side":"sell","tokenAddr":"0xe58abb2977780207b5aa91e65244a40d62cbf4f9","price":0.0005,"amount":"10000000000000000000","amountBase":"5000000000000000"},{"txHash":"0x18033712b3f3d6edcdd8c6c08487d957d5af2c62eb59928de2ab21a7415441e5","blockNumber":1626587,"date":"2018-02-08T14:36:17.598Z","buyer":"0xb176c618b754f2365e8dbd7e0781f12907bcea4d","seller":"0xb176c618b754f2365e8dbd7e0781f12907bcea4d","side":"sell","tokenAddr":"0xe58abb2977780207b5aa91e65244a40d62cbf4f9","price":0.008,"amount":"3000000000000000000","amountBase":"24000000000000000"},{"txHash":"0xfa17a34c48cb28ce3104643a3154787e717efef8edf27d32063829cb835b32a9","blockNumber":1626706,"date":"2018-02-08T14:36:17.598Z","buyer":"0xb176c618b754f2365e8dbd7e0781f12907bcea4d","seller":"0xb176c618b754f2365e8dbd7e0781f12907bcea4d","side":"sell","tokenAddr":"0xe58abb2977780207b5aa91e65244a40d62cbf4f9","price":0.008,"amount":"4500000000000000000","amountBase":"36000000000000000"},{"txHash":"0xa66c5f78583310c3355f35113f2b367b7c05f034a6a37c7b59e88366b4762334","blockNumber":1638039,"date":"2018-02-08T14:36:17.598Z","buyer":"0xb176c618b754f2365e8dbd7e0781f12907bcea4d","seller":"0xb176c618b754f2365e8dbd7e0781f12907bcea4d","side":"buy","tokenAddr":"0xe58abb2977780207b5aa91e65244a40d62cbf4f9","price":0.00002368,"amount":"2000000000000000000","amountBase":"47360000000000"},{"txHash":"0x515120daa29e3e07ef5af7eba18e68413e5fbc379e858c3871384c944ffd4e0d","blockNumber":1638289,"date":"2018-02-08T14:36:17.599Z","buyer":"0xb176c618b754f2365e8dbd7e0781f12907bcea4d","seller":"0xb176c618b754f2365e8dbd7e0781f12907bcea4d","side":"buy","tokenAddr":"0xe58abb2977780207b5aa91e65244a40d62cbf4f9","price":0.00003,"amount":"3000000000000000000","amountBase":"90000000000000"},{"txHash":"0x78d2ff167f09e6b8b031f648b76efc2aa7b60129bbf21539dbecc2a04891f918","blockNumber":1724515,"date":"2018-02-08T14:36:17.599Z","buyer":"0xb176c618b754f2365e8dbd7e0781f12907bcea4d","seller":"0xb176c618b754f2365e8dbd7e0781f12907bcea4d","side":"sell","tokenAddr":"0xe58abb2977780207b5aa91e65244a40d62cbf4f9","price":5e-8,"amount":"123000000000000000000","amountBase":"6150000000000"},{"txHash":"0xdb13c9765cf656af7ac4f13a0b1bbb586d1e90da2181462b39bbfb3c90a0cc24","blockNumber":1729729,"date":"2018-02-08T14:36:17.599Z","buyer":"0xb176c618b754f2365e8dbd7e0781f12907bcea4d","seller":"0xb176c618b754f2365e8dbd7e0781f12907bcea4d","side":"sell","tokenAddr":"0xe58abb2977780207b5aa91e65244a40d62cbf4f9","price":4e-8,"amount":"8000000000000000000","amountBase":"320000000000"},{"txHash":"0x75cae877776e7e49ac6f7fcfc6d92f11cbf7ca006e3ed6d5918e655ccaaa1573","blockNumber":1729731,"date":"2018-02-08T14:36:17.599Z","buyer":"0xb176c618b754f2365e8dbd7e0781f12907bcea4d","seller":"0xb176c618b754f2365e8dbd7e0781f12907bcea4d","side":"buy","tokenAddr":"0xe58abb2977780207b5aa91e65244a40d62cbf4f9","price":0.002,"amount":"4000000000000000000","amountBase":"8000000000000000"},{"txHash":"0x9c87db4cc9800448550483a327ed8c84f2a5806b003237d16310f40d26bd12cb","blockNumber":1729809,"date":"2018-02-08T14:36:17.600Z","buyer":"0xb176c618b754f2365e8dbd7e0781f12907bcea4d","seller":"0xb176c618b754f2365e8dbd7e0781f12907bcea4d","side":"buy","tokenAddr":"0xe58abb2977780207b5aa91e65244a40d62cbf4f9","price":0.002,"amount":"4000000000000000000","amountBase":"8000000000000000"},{"txHash":"0xe1b13b62f6d29d91aec61392da44024a9e78efcc941b5ad41ea5158efd52dfac","blockNumber":1615205,"date":"2018-02-08T16:22:31.514Z","buyer":"0xb176c618b754f2365e8dbd7e0781f12907bcea4d","seller":"0xb176c618b754f2365e8dbd7e0781f12907bcea4d","side":"sell","tokenAddr":"0xe58abb2977780207b5aa91e65244a40d62cbf4f9","price":0.0005,"amount":"1000000000000000000","amountBase":"500000000000000"},{"txHash":"0x9b373f74f6553269cbb11e8695f35f4c79b266a8563617053c8b878494b95514","blockNumber":1619994,"date":"2018-02-08T16:22:31.517Z","buyer":"0xb176c618b754f2365e8dbd7e0781f12907bcea4d","seller":"0xb176c618b754f2365e8dbd7e0781f12907bcea4d","side":"sell","tokenAddr":"0xe58abb2977780207b5aa91e65244a40d62cbf4f9","price":0.0005,"amount":"4000000000000000000","amountBase":"2000000000000000"},{"txHash":"0x2f7fdc929bfea1d670ff4bed6452b2d39e31189dd7ffd001cf5e0d91ae3f1de9","blockNumber":1620026,"date":"2018-02-08T16:22:31.519Z","buyer":"0xb176c618b754f2365e8dbd7e0781f12907bcea4d","seller":"0xb176c618b754f2365e8dbd7e0781f12907bcea4d","side":"buy","tokenAddr":"0xe58abb2977780207b5aa91e65244a40d62cbf4f9","price":0.00003,"amount":"2000000000000000000","amountBase":"60000000000000"},{"txHash":"0x8c74cf5cf0ae6de19752bb6e454f91fded55c2f685b719b59e2340c6fce46aff","blockNumber":1620959,"date":"2018-02-08T16:22:31.520Z","buyer":"0xb176c618b754f2365e8dbd7e0781f12907bcea4d","seller":"0xb176c618b754f2365e8dbd7e0781f12907bcea4d","side":"sell","tokenAddr":"0xe58abb2977780207b5aa91e65244a40d62cbf4f9","price":0.0005,"amount":"10000000000000000000","amountBase":"5000000000000000"},{"txHash":"0x18033712b3f3d6edcdd8c6c08487d957d5af2c62eb59928de2ab21a7415441e5","blockNumber":1626587,"date":"2018-02-08T16:22:31.522Z","buyer":"0xb176c618b754f2365e8dbd7e0781f12907bcea4d","seller":"0xb176c618b754f2365e8dbd7e0781f12907bcea4d","side":"sell","tokenAddr":"0xe58abb2977780207b5aa91e65244a40d62cbf4f9","price":0.008,"amount":"3000000000000000000","amountBase":"24000000000000000"},{"txHash":"0xfa17a34c48cb28ce3104643a3154787e717efef8edf27d32063829cb835b32a9","blockNumber":1626706,"date":"2018-02-08T16:22:31.524Z","buyer":"0xb176c618b754f2365e8dbd7e0781f12907bcea4d","seller":"0xb176c618b754f2365e8dbd7e0781f12907bcea4d","side":"sell","tokenAddr":"0xe58abb2977780207b5aa91e65244a40d62cbf4f9","price":0.008,"amount":"4500000000000000000","amountBase":"36000000000000000"},{"txHash":"0xa66c5f78583310c3355f35113f2b367b7c05f034a6a37c7b59e88366b4762334","blockNumber":1638039,"date":"2018-02-08T16:22:31.526Z","buyer":"0xb176c618b754f2365e8dbd7e0781f12907bcea4d","seller":"0xb176c618b754f2365e8dbd7e0781f12907bcea4d","side":"buy","tokenAddr":"0xe58abb2977780207b5aa91e65244a40d62cbf4f9","price":0.00002368,"amount":"2000000000000000000","amountBase":"47360000000000"},{"txHash":"0x515120daa29e3e07ef5af7eba18e68413e5fbc379e858c3871384c944ffd4e0d","blockNumber":1638289,"date":"2018-02-08T16:22:31.527Z","buyer":"0xb176c618b754f2365e8dbd7e0781f12907bcea4d","seller":"0xb176c618b754f2365e8dbd7e0781f12907bcea4d","side":"buy","tokenAddr":"0xe58abb2977780207b5aa91e65244a40d62cbf4f9","price":0.00003,"amount":"3000000000000000000","amountBase":"90000000000000"},{"txHash":"0x78d2ff167f09e6b8b031f648b76efc2aa7b60129bbf21539dbecc2a04891f918","blockNumber":1724515,"date":"2018-02-08T16:22:31.528Z","buyer":"0xb176c618b754f2365e8dbd7e0781f12907bcea4d","seller":"0xb176c618b754f2365e8dbd7e0781f12907bcea4d","side":"sell","tokenAddr":"0xe58abb2977780207b5aa91e65244a40d62cbf4f9","price":5e-8,"amount":"123000000000000000000","amountBase":"6150000000000"},{"txHash":"0xdb13c9765cf656af7ac4f13a0b1bbb586d1e90da2181462b39bbfb3c90a0cc24","blockNumber":1729729,"date":"2018-02-08T16:22:31.529Z","buyer":"0xb176c618b754f2365e8dbd7e0781f12907bcea4d","seller":"0xb176c618b754f2365e8dbd7e0781f12907bcea4d","side":"sell","tokenAddr":"0xe58abb2977780207b5aa91e65244a40d62cbf4f9","price":4e-8,"amount":"8000000000000000000","amountBase":"320000000000"},{"txHash":"0x75cae877776e7e49ac6f7fcfc6d92f11cbf7ca006e3ed6d5918e655ccaaa1573","blockNumber":1729731,"date":"2018-02-08T16:22:31.530Z","buyer":"0xb176c618b754f2365e8dbd7e0781f12907bcea4d","seller":"0xb176c618b754f2365e8dbd7e0781f12907bcea4d","side":"buy","tokenAddr":"0xe58abb2977780207b5aa91e65244a40d62cbf4f9","price":0.002,"amount":"4000000000000000000","amountBase":"8000000000000000"},{"txHash":"0x9c87db4cc9800448550483a327ed8c84f2a5806b003237d16310f40d26bd12cb","blockNumber":1729809,"date":"2018-02-08T16:22:31.531Z","buyer":"0xb176c618b754f2365e8dbd7e0781f12907bcea4d","seller":"0xb176c618b754f2365e8dbd7e0781f12907bcea4d","side":"buy","tokenAddr":"0xe58abb2977780207b5aa91e65244a40d62cbf4f9","price":0.002,"amount":"4000000000000000000","amountBase":"8000000000000000"},{"txHash":"0x872b8484df497aee6f5152c53e04cd9d3a2b43e676f2470092fbee17e45474f1","blockNumber":1730177,"date":"2018-02-08T17:05:54.892Z","buyer":"0xb176c618b754f2365e8dbd7e0781f12907bcea4d","seller":"0xb176c618b754f2365e8dbd7e0781f12907bcea4d","side":"buy","tokenAddr":"0xe58abb2977780207b5aa91e65244a40d62cbf4f9","price":0.02,"amount":"4000000000000000000","amountBase":"80000000000000000"},{"txHash":"0xe2d0d8ef365c1d7352ba09ba83f6fac521b3d5c4bf062a275962d2481c7690df","blockNumber":1730188,"date":"2018-02-08T17:05:54.894Z","buyer":"0xb176c618b754f2365e8dbd7e0781f12907bcea4d","seller":"0xb176c618b754f2365e8dbd7e0781f12907bcea4d","side":"buy","tokenAddr":"0xe58abb2977780207b5aa91e65244a40d62cbf4f9","price":0.02,"amount":"5000000000000000000","amountBase":"100000000000000000"},{"txHash":"0xa354e89fc5c9dca248f6f56c7baf88f4d2189fdb4657bafd6b78808bc1953564","blockNumber":1730193,"date":"2018-02-08T17:05:54.895Z","buyer":"0xb176c618b754f2365e8dbd7e0781f12907bcea4d","seller":"0xb176c618b754f2365e8dbd7e0781f12907bcea4d","side":"sell","tokenAddr":"0xe58abb2977780207b5aa91e65244a40d62cbf4f9","price":3.2e-8,"amount":"8000000000000000000","amountBase":"256000000000"},{"txHash":"0x032f216229e38677ef34d0890afac11ba29a55849f0ed3be7d7d64375f207d18","blockNumber":1735972,"date":"2018-02-08T17:05:58.221Z","buyer":"0xb176c618b754f2365e8dbd7e0781f12907bcea4d","seller":"0xb176c618b754f2365e8dbd7e0781f12907bcea4d","side":"sell","tokenAddr":"0xe58abb2977780207b5aa91e65244a40d62cbf4f9","price":3.1e-8,"amount":"2000000000000000000","amountBase":"62000000000"},{"txHash":"0x872b8484df497aee6f5152c53e04cd9d3a2b43e676f2470092fbee17e45474f1","blockNumber":1730177,"date":"2018-02-08T17:06:17.244Z","buyer":"0xb176c618b754f2365e8dbd7e0781f12907bcea4d","seller":"0xb176c618b754f2365e8dbd7e0781f12907bcea4d","side":"buy","tokenAddr":"0xe58abb2977780207b5aa91e65244a40d62cbf4f9","price":0.02,"amount":"4000000000000000000","amountBase":"80000000000000000"},{"txHash":"0xe2d0d8ef365c1d7352ba09ba83f6fac521b3d5c4bf062a275962d2481c7690df","blockNumber":1730188,"date":"2018-02-08T17:06:17.246Z","buyer":"0xb176c618b754f2365e8dbd7e0781f12907bcea4d","seller":"0xb176c618b754f2365e8dbd7e0781f12907bcea4d","side":"buy","tokenAddr":"0xe58abb2977780207b5aa91e65244a40d62cbf4f9","price":0.02,"amount":"5000000000000000000","amountBase":"100000000000000000"},{"txHash":"0xa354e89fc5c9dca248f6f56c7baf88f4d2189fdb4657bafd6b78808bc1953564","blockNumber":1730193,"date":"2018-02-08T17:06:17.246Z","buyer":"0xb176c618b754f2365e8dbd7e0781f12907bcea4d","seller":"0xb176c618b754f2365e8dbd7e0781f12907bcea4d","side":"sell","tokenAddr":"0xe58abb2977780207b5aa91e65244a40d62cbf4f9","price":3.2e-8,"amount":"8000000000000000000","amountBase":"256000000000"},{"txHash":"0x032f216229e38677ef34d0890afac11ba29a55849f0ed3be7d7d64375f207d18","blockNumber":1735972,"date":"2018-02-08T17:06:17.247Z","buyer":"0xb176c618b754f2365e8dbd7e0781f12907bcea4d","seller":"0xb176c618b754f2365e8dbd7e0781f12907bcea4d","side":"sell","tokenAddr":"0xe58abb2977780207b5aa91e65244a40d62cbf4f9","price":3.1e-8,"amount":"2000000000000000000","amountBase":"62000000000"},{"txHash":"0x872b8484df497aee6f5152c53e04cd9d3a2b43e676f2470092fbee17e45474f1","blockNumber":1730177,"date":"2018-02-08T17:07:12.002Z","buyer":"0xb176c618b754f2365e8dbd7e0781f12907bcea4d","seller":"0xb176c618b754f2365e8dbd7e0781f12907bcea4d","side":"buy","tokenAddr":"0xe58abb2977780207b5aa91e65244a40d62cbf4f9","price":0.02,"amount":"4000000000000000000","amountBase":"80000000000000000"},{"txHash":"0xe2d0d8ef365c1d7352ba09ba83f6fac521b3d5c4bf062a275962d2481c7690df","blockNumber":1730188,"date":"2018-02-08T17:07:12.004Z","buyer":"0xb176c618b754f2365e8dbd7e0781f12907bcea4d","seller":"0xb176c618b754f2365e8dbd7e0781f12907bcea4d","side":"buy","tokenAddr":"0xe58abb2977780207b5aa91e65244a40d62cbf4f9","price":0.02,"amount":"5000000000000000000","amountBase":"100000000000000000"},{"txHash":"0xa354e89fc5c9dca248f6f56c7baf88f4d2189fdb4657bafd6b78808bc1953564","blockNumber":1730193,"date":"2018-02-08T17:07:12.005Z","buyer":"0xb176c618b754f2365e8dbd7e0781f12907bcea4d","seller":"0xb176c618b754f2365e8dbd7e0781f12907bcea4d","side":"sell","tokenAddr":"0xe58abb2977780207b5aa91e65244a40d62cbf4f9","price":3.2e-8,"amount":"8000000000000000000","amountBase":"256000000000"},{"txHash":"0x032f216229e38677ef34d0890afac11ba29a55849f0ed3be7d7d64375f207d18","blockNumber":1735972,"date":"2018-02-08T17:07:12.006Z","buyer":"0xb176c618b754f2365e8dbd7e0781f12907bcea4d","seller":"0xb176c618b754f2365e8dbd7e0781f12907bcea4d","side":"sell","tokenAddr":"0xe58abb2977780207b5aa91e65244a40d62cbf4f9","price":3.1e-8,"amount":"2000000000000000000","amountBase":"62000000000"},{"txHash":"0xb4c0109efc4e92ce6cbe1ba9bbe6e4a33fe6f95ef51324c60af8750b8023fbed","blockNumber":1736006,"date":"2018-02-08T17:14:25.879Z","buyer":"0xb176c618b754f2365e8dbd7e0781f12907bcea4d","seller":"0xb176c618b754f2365e8dbd7e0781f12907bcea4d","side":"sell","tokenAddr":"0xe58abb2977780207b5aa91e65244a40d62cbf4f9","price":3e-8,"amount":"12000000000000000000","amountBase":"360000000000"},{"txHash":"0xbdaf43d89d72520ae54e58b9aa32905237d45aabf3dc0b590561e52392a7140e","blockNumber":1736024,"date":"2018-02-08T17:18:58.552Z","buyer":"0xb176c618b754f2365e8dbd7e0781f12907bcea4d","seller":"0xb176c618b754f2365e8dbd7e0781f12907bcea4d","side":"sell","tokenAddr":"0xe58abb2977780207b5aa91e65244a40d62cbf4f9","price":3e-8,"amount":"13000000000000000000","amountBase":"390000000000"},{"txHash":"0xfa514d21c9704623e1405400d04a26aede414d562cabd1383e740f8853bca22e","blockNumber":1736031,"date":"2018-02-08T17:20:40.628Z","buyer":"0xb176c618b754f2365e8dbd7e0781f12907bcea4d","seller":"0xb176c618b754f2365e8dbd7e0781f12907bcea4d","side":"sell","tokenAddr":"0xe58abb2977780207b5aa91e65244a40d62cbf4f9","price":3e-8,"amount":"5000000000000000000","amountBase":"150000000000"},{"txHash":"0x90e6413b7515f3cb90148fe439fc1189da77d145f76960909e9bda3e3481ea4a","blockNumber":1736048,"date":"2018-02-08T17:24:58.534Z","buyer":"0xb176c618b754f2365e8dbd7e0781f12907bcea4d","seller":"0xb176c618b754f2365e8dbd7e0781f12907bcea4d","side":"sell","tokenAddr":"0xe58abb2977780207b5aa91e65244a40d62cbf4f9","price":3.1e-8,"amount":"5000000000000000000","amountBase":"155000000000"},{"txHash":"0x9acab6eeeeda5b48fc536e24fd3113ce224363a191b564e72c76de02f7bfa899","blockNumber":1736063,"date":"2018-02-08T17:28:43.182Z","buyer":"0xb176c618b754f2365e8dbd7e0781f12907bcea4d","seller":"0xb176c618b754f2365e8dbd7e0781f12907bcea4d","side":"sell","tokenAddr":"0xe58abb2977780207b5aa91e65244a40d62cbf4f9","price":3.1e-8,"amount":"4000000000000000000","amountBase":"124000000000"},{"txHash":"0x22d580bb4f3707edc23f2428995b0fe6095b95b11a6dfc6f6c9815ae07e26e6d","blockNumber":1736084,"date":"2018-02-08T17:33:55.606Z","buyer":"0xb176c618b754f2365e8dbd7e0781f12907bcea4d","seller":"0xb176c618b754f2365e8dbd7e0781f12907bcea4d","side":"sell","tokenAddr":"0xe58abb2977780207b5aa91e65244a40d62cbf4f9","price":3e-8,"amount":"7000000000000000000","amountBase":"210000000000"},{"txHash":"0x233e9ddf1b6231f82750d7df1851f92d4205cdd2b4b93f6d9a81c66cf7848b44","blockNumber":1736115,"date":"2018-02-08T17:41:43.194Z","buyer":"0xb176c618b754f2365e8dbd7e0781f12907bcea4d","seller":"0xb176c618b754f2365e8dbd7e0781f12907bcea4d","side":"buy","tokenAddr":"0xe58abb2977780207b5aa91e65244a40d62cbf4f9","price":0.00012986,"amount":"120000000000000000000","amountBase":"15583200000000000"},{"txHash":"0x233e9ddf1b6231f82750d7df1851f92d4205cdd2b4b93f6d9a81c66cf7848b44","blockNumber":1736115,"date":"2018-02-08T17:41:43.672Z","buyer":"0xb176c618b754f2365e8dbd7e0781f12907bcea4d","seller":"0xb176c618b754f2365e8dbd7e0781f12907bcea4d","side":"buy","tokenAddr":"0xe58abb2977780207b5aa91e65244a40d62cbf4f9","price":0.00012986,"amount":"120000000000000000000","amountBase":"15583200000000000"},{"txHash":"0x233e9ddf1b6231f82750d7df1851f92d4205cdd2b4b93f6d9a81c66cf7848b44","blockNumber":1736115,"date":"2018-02-08T17:41:43.674Z","buyer":"0xb176c618b754f2365e8dbd7e0781f12907bcea4d","seller":"0xb176c618b754f2365e8dbd7e0781f12907bcea4d","side":"buy","tokenAddr":"0xe58abb2977780207b5aa91e65244a40d62cbf4f9","price":0.00012986,"amount":"120000000000000000000","amountBase":"15583200000000000"}],"updated":"2018-02-08T17:41:55.228Z"}
