[{"txHash":"0x7f65ca09baf66c2cc66d8ca176ef477220aac302680f0df768ff2cffc741d77b","blockNumber":1738308,"date":"2018-02-09T13:23:13.057Z","side":"sell","price":0.08,"amount":"1000000000000000000","amountBase":"80000000000000000"},{"txHash":"0x64d39006b31a28f9d950323ac24a36af901e62a5ea4d999a26e872684d1a7076","blockNumber":1738416,"date":"2018-02-09T13:23:13.057Z","side":"buy","price":0.03,"amount":"1000000000000000000","amountBase":"30000000000000000"},{"txHash":"0xe5de41e9e9c9aba9ec651fad4a58397a5d7f1067ca8f4c22f137fc1b09190aa8","blockNumber":1738424,"date":"2018-02-09T13:23:13.073Z","side":"buy","price":0.04,"amount":"4000000000000000000","amountBase":"160000000000000000"},{"txHash":"0x223b3c284236bf09a52f03c5b9b1ecc07b0df5e75c0ac29910a4e187696260d4","blockNumber":1738440,"date":"2018-02-09T13:23:13.073Z","side":"buy","price":0.03,"amount":"2000000000000000000","amountBase":"60000000000000000"},{"txHash":"0x257b08b23f5e6d328f9d9405c87c93d3dc357a9b393b4ef7a2e54efac20cd4b2","blockNumber":1738532,"date":"2018-02-09T13:23:13.073Z","side":"sell","price":0.2,"amount":"1000000000000000000","amountBase":"200000000000000000"},{"txHash":"0xbec70a24cbc1f47449bc82f73583adc0f365c782478c5aced1cfcebf5c888353","blockNumber":1738533,"date":"2018-02-09T13:23:13.073Z","side":"sell","price":0.1,"amount":"1000000000000000000","amountBase":"100000000000000000"},{"txHash":"0x7f65ca09baf66c2cc66d8ca176ef477220aac302680f0df768ff2cffc741d77b","blockNumber":1738308,"date":"2018-02-09T14:22:55.829Z","side":"sell","price":0.08,"amount":"1000000000000000000","amountBase":"80000000000000000"},{"txHash":"0x64d39006b31a28f9d950323ac24a36af901e62a5ea4d999a26e872684d1a7076","blockNumber":1738416,"date":"2018-02-09T14:22:55.837Z","side":"buy","price":0.03,"amount":"1000000000000000000","amountBase":"30000000000000000"},{"txHash":"0xe5de41e9e9c9aba9ec651fad4a58397a5d7f1067ca8f4c22f137fc1b09190aa8","blockNumber":1738424,"date":"2018-02-09T14:22:55.841Z","side":"buy","price":0.04,"amount":"4000000000000000000","amountBase":"160000000000000000"},{"txHash":"0x223b3c284236bf09a52f03c5b9b1ecc07b0df5e75c0ac29910a4e187696260d4","blockNumber":1738440,"date":"2018-02-09T14:22:55.844Z","side":"buy","price":0.03,"amount":"2000000000000000000","amountBase":"60000000000000000"},{"txHash":"0x257b08b23f5e6d328f9d9405c87c93d3dc357a9b393b4ef7a2e54efac20cd4b2","blockNumber":1738532,"date":"2018-02-09T14:22:55.847Z","side":"sell","price":0.2,"amount":"1000000000000000000","amountBase":"200000000000000000"},{"txHash":"0xbec70a24cbc1f47449bc82f73583adc0f365c782478c5aced1cfcebf5c888353","blockNumber":1738533,"date":"2018-02-09T14:22:55.852Z","side":"sell","price":0.1,"amount":"1000000000000000000","amountBase":"100000000000000000"},{"txHash":"0x35bbf20cbd8e05fc2a2a488a11a2af170d44e387f0f5b31cf125a604270396be","blockNumber":1759361,"date":"2018-02-12T18:33:15.825Z","side":"sell","price":0.01,"amount":"5000000000000000000","amountBase":"50000000000000000"},{"txHash":"0x2ed6ea3f74315ed496121bd417b5762a55e0277c6b44ce6697af8233cf8d41e1","blockNumber":1759381,"date":"2018-02-12T18:38:15.982Z","side":"sell","price":0.01,"amount":"3000000000000000000","amountBase":"30000000000000000"},{"txHash":"0x71a24972c30371d47ac01c6d52f74361372e51beb19240ccd5bd851143d93f11","blockNumber":1759434,"date":"2018-02-12T18:51:30.967Z","side":"sell","price":0.01,"amount":"1000000000000000000","amountBase":"10000000000000000"},{"txHash":"0xa08b478b24bc1ca25c6bdfa2393b7ea455c8977f2e4e5eb5ac89f2e97407d38a","blockNumber":1759442,"date":"2018-02-12T18:53:31.039Z","side":"sell","price":0.01,"amount":"20000000000000000000","amountBase":"200000000000000000"}]
