{"trades":[{"txHash":"0x1d587a785bce782a9bdba43ec2e5514e0e7d0e58a17a9cfae8e3af3326d9fa20","blockNumber":1738274,"date":"2018-02-09T13:23:13.057Z","buyer":"0x006e3752d7c043274fd44dcb6816ffd8a2d367f2","seller":"0x006e3752d7c043274fd44dcb6816ffd8a2d367f2","side":"buy","tokenAddr":"0xdb36c505bcc50bbd33407e18dc2fdcc648aee162","price":0.04,"amount":"23000000000000000000","amountBase":"920000000000000000"},{"txHash":"0x7f65ca09baf66c2cc66d8ca176ef477220aac302680f0df768ff2cffc741d77b","blockNumber":1738308,"date":"2018-02-09T13:23:13.057Z","buyer":"0x006e3752d7c043274fd44dcb6816ffd8a2d367f2","seller":"0x2adf57e3fb2ce29ce1782dbc4f7719b7b761f396","side":"sell","tokenAddr":"0xdb36c505bcc50bbd33407e18dc2fdcc648aee162","price":0.08,"amount":"1000000000000000000","amountBase":"80000000000000000"},{"txHash":"0xd97329eeed8e1757f5c030c84d929211e970c5ee30be9255a8217e701d7c81c9","blockNumber":1738323,"date":"2018-02-09T13:23:13.057Z","buyer":"0x006e3752d7c043274fd44dcb6816ffd8a2d367f2","seller":"0x006e3752d7c043274fd44dcb6816ffd8a2d367f2","side":"sell","tokenAddr":"0xdb36c505bcc50bbd33407e18dc2fdcc648aee162","price":0.03,"amount":"1000000000000000000","amountBase":"30000000000000000"},{"txHash":"0x5f2ce7e928df1ed4d654b1599d20a046772960204b65a2e323fa70504998f048","blockNumber":1738341,"date":"2018-02-09T13:23:13.057Z","buyer":"0x006e3752d7c043274fd44dcb6816ffd8a2d367f2","seller":"0x006e3752d7c043274fd44dcb6816ffd8a2d367f2","side":"sell","tokenAddr":"0xdb36c505bcc50bbd33407e18dc2fdcc648aee162","price":0.03,"amount":"1000000000000000000","amountBase":"30000000000000000"},{"txHash":"0x64d39006b31a28f9d950323ac24a36af901e62a5ea4d999a26e872684d1a7076","blockNumber":1738416,"date":"2018-02-09T13:23:13.057Z","buyer":"0x2adf57e3fb2ce29ce1782dbc4f7719b7b761f396","seller":"0x006e3752d7c043274fd44dcb6816ffd8a2d367f2","side":"sell","tokenAddr":"0xdb36c505bcc50bbd33407e18dc2fdcc648aee162","price":0.03,"amount":"1000000000000000000","amountBase":"30000000000000000"},{"txHash":"0xe5de41e9e9c9aba9ec651fad4a58397a5d7f1067ca8f4c22f137fc1b09190aa8","blockNumber":1738424,"date":"2018-02-09T13:23:13.073Z","buyer":"0x2adf57e3fb2ce29ce1782dbc4f7719b7b761f396","seller":"0x006e3752d7c043274fd44dcb6816ffd8a2d367f2","side":"sell","tokenAddr":"0xdb36c505bcc50bbd33407e18dc2fdcc648aee162","price":0.04,"amount":"4000000000000000000","amountBase":"160000000000000000"},{"txHash":"0x223b3c284236bf09a52f03c5b9b1ecc07b0df5e75c0ac29910a4e187696260d4","blockNumber":1738440,"date":"2018-02-09T13:23:13.073Z","buyer":"0x2adf57e3fb2ce29ce1782dbc4f7719b7b761f396","seller":"0x006e3752d7c043274fd44dcb6816ffd8a2d367f2","side":"sell","tokenAddr":"0xdb36c505bcc50bbd33407e18dc2fdcc648aee162","price":0.03,"amount":"2000000000000000000","amountBase":"60000000000000000"},{"txHash":"0x257b08b23f5e6d328f9d9405c87c93d3dc357a9b393b4ef7a2e54efac20cd4b2","blockNumber":1738532,"date":"2018-02-09T13:23:13.073Z","buyer":"0x006e3752d7c043274fd44dcb6816ffd8a2d367f2","seller":"0x2adf57e3fb2ce29ce1782dbc4f7719b7b761f396","side":"sell","tokenAddr":"0xdb36c505bcc50bbd33407e18dc2fdcc648aee162","price":0.2,"amount":"1000000000000000000","amountBase":"200000000000000000"},{"txHash":"0xbec70a24cbc1f47449bc82f73583adc0f365c782478c5aced1cfcebf5c888353","blockNumber":1738533,"date":"2018-02-09T13:23:13.073Z","buyer":"0x006e3752d7c043274fd44dcb6816ffd8a2d367f2","seller":"0x2adf57e3fb2ce29ce1782dbc4f7719b7b761f396","side":"buy","tokenAddr":"0xdb36c505bcc50bbd33407e18dc2fdcc648aee162","price":0.1,"amount":"1000000000000000000","amountBase":"100000000000000000"},{"txHash":"0x1d587a785bce782a9bdba43ec2e5514e0e7d0e58a17a9cfae8e3af3326d9fa20","blockNumber":1738274,"date":"2018-02-09T14:22:55.823Z","buyer":"0x006e3752d7c043274fd44dcb6816ffd8a2d367f2","seller":"0x006e3752d7c043274fd44dcb6816ffd8a2d367f2","side":"buy","tokenAddr":"0xdb36c505bcc50bbd33407e18dc2fdcc648aee162","price":0.04,"amount":"23000000000000000000","amountBase":"920000000000000000"},{"txHash":"0x7f65ca09baf66c2cc66d8ca176ef477220aac302680f0df768ff2cffc741d77b","blockNumber":1738308,"date":"2018-02-09T14:22:55.829Z","buyer":"0x006e3752d7c043274fd44dcb6816ffd8a2d367f2","seller":"0x2adf57e3fb2ce29ce1782dbc4f7719b7b761f396","side":"sell","tokenAddr":"0xdb36c505bcc50bbd33407e18dc2fdcc648aee162","price":0.08,"amount":"1000000000000000000","amountBase":"80000000000000000"},{"txHash":"0xd97329eeed8e1757f5c030c84d929211e970c5ee30be9255a8217e701d7c81c9","blockNumber":1738323,"date":"2018-02-09T14:22:55.832Z","buyer":"0x006e3752d7c043274fd44dcb6816ffd8a2d367f2","seller":"0x006e3752d7c043274fd44dcb6816ffd8a2d367f2","side":"sell","tokenAddr":"0xdb36c505bcc50bbd33407e18dc2fdcc648aee162","price":0.03,"amount":"1000000000000000000","amountBase":"30000000000000000"},{"txHash":"0x5f2ce7e928df1ed4d654b1599d20a046772960204b65a2e323fa70504998f048","blockNumber":1738341,"date":"2018-02-09T14:22:55.834Z","buyer":"0x006e3752d7c043274fd44dcb6816ffd8a2d367f2","seller":"0x006e3752d7c043274fd44dcb6816ffd8a2d367f2","side":"sell","tokenAddr":"0xdb36c505bcc50bbd33407e18dc2fdcc648aee162","price":0.03,"amount":"1000000000000000000","amountBase":"30000000000000000"},{"txHash":"0x64d39006b31a28f9d950323ac24a36af901e62a5ea4d999a26e872684d1a7076","blockNumber":1738416,"date":"2018-02-09T14:22:55.837Z","buyer":"0x2adf57e3fb2ce29ce1782dbc4f7719b7b761f396","seller":"0x006e3752d7c043274fd44dcb6816ffd8a2d367f2","side":"sell","tokenAddr":"0xdb36c505bcc50bbd33407e18dc2fdcc648aee162","price":0.03,"amount":"1000000000000000000","amountBase":"30000000000000000"},{"txHash":"0xe5de41e9e9c9aba9ec651fad4a58397a5d7f1067ca8f4c22f137fc1b09190aa8","blockNumber":1738424,"date":"2018-02-09T14:22:55.841Z","buyer":"0x2adf57e3fb2ce29ce1782dbc4f7719b7b761f396","seller":"0x006e3752d7c043274fd44dcb6816ffd8a2d367f2","side":"sell","tokenAddr":"0xdb36c505bcc50bbd33407e18dc2fdcc648aee162","price":0.04,"amount":"4000000000000000000","amountBase":"160000000000000000"},{"txHash":"0x223b3c284236bf09a52f03c5b9b1ecc07b0df5e75c0ac29910a4e187696260d4","blockNumber":1738440,"date":"2018-02-09T14:22:55.844Z","buyer":"0x2adf57e3fb2ce29ce1782dbc4f7719b7b761f396","seller":"0x006e3752d7c043274fd44dcb6816ffd8a2d367f2","side":"sell","tokenAddr":"0xdb36c505bcc50bbd33407e18dc2fdcc648aee162","price":0.03,"amount":"2000000000000000000","amountBase":"60000000000000000"},{"txHash":"0x257b08b23f5e6d328f9d9405c87c93d3dc357a9b393b4ef7a2e54efac20cd4b2","blockNumber":1738532,"date":"2018-02-09T14:22:55.847Z","buyer":"0x006e3752d7c043274fd44dcb6816ffd8a2d367f2","seller":"0x2adf57e3fb2ce29ce1782dbc4f7719b7b761f396","side":"sell","tokenAddr":"0xdb36c505bcc50bbd33407e18dc2fdcc648aee162","price":0.2,"amount":"1000000000000000000","amountBase":"200000000000000000"},{"txHash":"0xbec70a24cbc1f47449bc82f73583adc0f365c782478c5aced1cfcebf5c888353","blockNumber":1738533,"date":"2018-02-09T14:22:55.852Z","buyer":"0x006e3752d7c043274fd44dcb6816ffd8a2d367f2","seller":"0x2adf57e3fb2ce29ce1782dbc4f7719b7b761f396","side":"buy","tokenAddr":"0xdb36c505bcc50bbd33407e18dc2fdcc648aee162","price":0.1,"amount":"1000000000000000000","amountBase":"100000000000000000"},{"txHash":"0x35bbf20cbd8e05fc2a2a488a11a2af170d44e387f0f5b31cf125a604270396be","blockNumber":1759361,"date":"2018-02-12T18:33:15.825Z","buyer":"0x2adf57e3fb2ce29ce1782dbc4f7719b7b761f396","seller":"0x2adf57e3fb2ce29ce1782dbc4f7719b7b761f396","side":"sell","tokenAddr":"0xdb36c505bcc50bbd33407e18dc2fdcc648aee162","price":0.01,"amount":"5000000000000000000","amountBase":"50000000000000000"},{"txHash":"0x2ed6ea3f74315ed496121bd417b5762a55e0277c6b44ce6697af8233cf8d41e1","blockNumber":1759381,"date":"2018-02-12T18:38:15.982Z","buyer":"0x2adf57e3fb2ce29ce1782dbc4f7719b7b761f396","seller":"0x2adf57e3fb2ce29ce1782dbc4f7719b7b761f396","side":"sell","tokenAddr":"0xdb36c505bcc50bbd33407e18dc2fdcc648aee162","price":0.01,"amount":"3000000000000000000","amountBase":"30000000000000000"}],"updated":"2018-02-12T18:38:15.986Z"}
