{"trades":[{"txHash":"0x1d587a785bce782a9bdba43ec2e5514e0e7d0e58a17a9cfae8e3af3326d9fa20","blockNumber":1738274,"date":"2018-02-09T13:23:13.057Z","buyer":"0x006e3752d7c043274fd44dcb6816ffd8a2d367f2","seller":"0x006e3752d7c043274fd44dcb6816ffd8a2d367f2","side":"buy","tokenAddr":"0xdb36c505bcc50bbd33407e18dc2fdcc648aee162","price":0.04,"amount":"23000000000000000000","amountBase":"920000000000000000"},{"txHash":"0x7f65ca09baf66c2cc66d8ca176ef477220aac302680f0df768ff2cffc741d77b","blockNumber":1738308,"date":"2018-02-09T13:23:13.057Z","buyer":"0x006e3752d7c043274fd44dcb6816ffd8a2d367f2","seller":"0x2adf57e3fb2ce29ce1782dbc4f7719b7b761f396","side":"sell","tokenAddr":"0xdb36c505bcc50bbd33407e18dc2fdcc648aee162","price":0.08,"amount":"1000000000000000000","amountBase":"80000000000000000"},{"txHash":"0xd97329eeed8e1757f5c030c84d929211e970c5ee30be9255a8217e701d7c81c9","blockNumber":1738323,"date":"2018-02-09T13:23:13.057Z","buyer":"0x006e3752d7c043274fd44dcb6816ffd8a2d367f2","seller":"0x006e3752d7c043274fd44dcb6816ffd8a2d367f2","side":"sell","tokenAddr":"0xdb36c505bcc50bbd33407e18dc2fdcc648aee162","price":0.03,"amount":"1000000000000000000","amountBase":"30000000000000000"},{"txHash":"0x5f2ce7e928df1ed4d654b1599d20a046772960204b65a2e323fa70504998f048","blockNumber":1738341,"date":"2018-02-09T13:23:13.057Z","buyer":"0x006e3752d7c043274fd44dcb6816ffd8a2d367f2","seller":"0x006e3752d7c043274fd44dcb6816ffd8a2d367f2","side":"sell","tokenAddr":"0xdb36c505bcc50bbd33407e18dc2fdcc648aee162","price":0.03,"amount":"1000000000000000000","amountBase":"30000000000000000"},{"txHash":"0x64d39006b31a28f9d950323ac24a36af901e62a5ea4d999a26e872684d1a7076","blockNumber":1738416,"date":"2018-02-09T13:23:13.057Z","buyer":"0x2adf57e3fb2ce29ce1782dbc4f7719b7b761f396","seller":"0x006e3752d7c043274fd44dcb6816ffd8a2d367f2","side":"sell","tokenAddr":"0xdb36c505bcc50bbd33407e18dc2fdcc648aee162","price":0.03,"amount":"1000000000000000000","amountBase":"30000000000000000"},{"txHash":"0xe5de41e9e9c9aba9ec651fad4a58397a5d7f1067ca8f4c22f137fc1b09190aa8","blockNumber":1738424,"date":"2018-02-09T13:23:13.073Z","buyer":"0x2adf57e3fb2ce29ce1782dbc4f7719b7b761f396","seller":"0x006e3752d7c043274fd44dcb6816ffd8a2d367f2","side":"sell","tokenAddr":"0xdb36c505bcc50bbd33407e18dc2fdcc648aee162","price":0.04,"amount":"4000000000000000000","amountBase":"160000000000000000"},{"txHash":"0x223b3c284236bf09a52f03c5b9b1ecc07b0df5e75c0ac29910a4e187696260d4","blockNumber":1738440,"date":"2018-02-09T13:23:13.073Z","buyer":"0x2adf57e3fb2ce29ce1782dbc4f7719b7b761f396","seller":"0x006e3752d7c043274fd44dcb6816ffd8a2d367f2","side":"sell","tokenAddr":"0xdb36c505bcc50bbd33407e18dc2fdcc648aee162","price":0.03,"amount":"2000000000000000000","amountBase":"60000000000000000"},{"txHash":"0x257b08b23f5e6d328f9d9405c87c93d3dc357a9b393b4ef7a2e54efac20cd4b2","blockNumber":1738532,"date":"2018-02-09T13:23:13.073Z","buyer":"0x006e3752d7c043274fd44dcb6816ffd8a2d367f2","seller":"0x2adf57e3fb2ce29ce1782dbc4f7719b7b761f396","side":"sell","tokenAddr":"0xdb36c505bcc50bbd33407e18dc2fdcc648aee162","price":0.2,"amount":"1000000000000000000","amountBase":"200000000000000000"},{"txHash":"0xbec70a24cbc1f47449bc82f73583adc0f365c782478c5aced1cfcebf5c888353","blockNumber":1738533,"date":"2018-02-09T13:23:13.073Z","buyer":"0x006e3752d7c043274fd44dcb6816ffd8a2d367f2","seller":"0x2adf57e3fb2ce29ce1782dbc4f7719b7b761f396","side":"buy","tokenAddr":"0xdb36c505bcc50bbd33407e18dc2fdcc648aee162","price":0.1,"amount":"1000000000000000000","amountBase":"100000000000000000"},{"txHash":"0x1d587a785bce782a9bdba43ec2e5514e0e7d0e58a17a9cfae8e3af3326d9fa20","blockNumber":1738274,"date":"2018-02-09T14:22:55.823Z","buyer":"0x006e3752d7c043274fd44dcb6816ffd8a2d367f2","seller":"0x006e3752d7c043274fd44dcb6816ffd8a2d367f2","side":"buy","tokenAddr":"0xdb36c505bcc50bbd33407e18dc2fdcc648aee162","price":0.04,"amount":"23000000000000000000","amountBase":"920000000000000000"},{"txHash":"0x7f65ca09baf66c2cc66d8ca176ef477220aac302680f0df768ff2cffc741d77b","blockNumber":1738308,"date":"2018-02-09T14:22:55.829Z","buyer":"0x006e3752d7c043274fd44dcb6816ffd8a2d367f2","seller":"0x2adf57e3fb2ce29ce1782dbc4f7719b7b761f396","side":"sell","tokenAddr":"0xdb36c505bcc50bbd33407e18dc2fdcc648aee162","price":0.08,"amount":"1000000000000000000","amountBase":"80000000000000000"},{"txHash":"0xd97329eeed8e1757f5c030c84d929211e970c5ee30be9255a8217e701d7c81c9","blockNumber":1738323,"date":"2018-02-09T14:22:55.832Z","buyer":"0x006e3752d7c043274fd44dcb6816ffd8a2d367f2","seller":"0x006e3752d7c043274fd44dcb6816ffd8a2d367f2","side":"sell","tokenAddr":"0xdb36c505bcc50bbd33407e18dc2fdcc648aee162","price":0.03,"amount":"1000000000000000000","amountBase":"30000000000000000"},{"txHash":"0x5f2ce7e928df1ed4d654b1599d20a046772960204b65a2e323fa70504998f048","blockNumber":1738341,"date":"2018-02-09T14:22:55.834Z","buyer":"0x006e3752d7c043274fd44dcb6816ffd8a2d367f2","seller":"0x006e3752d7c043274fd44dcb6816ffd8a2d367f2","side":"sell","tokenAddr":"0xdb36c505bcc50bbd33407e18dc2fdcc648aee162","price":0.03,"amount":"1000000000000000000","amountBase":"30000000000000000"},{"txHash":"0x64d39006b31a28f9d950323ac24a36af901e62a5ea4d999a26e872684d1a7076","blockNumber":1738416,"date":"2018-02-09T14:22:55.837Z","buyer":"0x2adf57e3fb2ce29ce1782dbc4f7719b7b761f396","seller":"0x006e3752d7c043274fd44dcb6816ffd8a2d367f2","side":"sell","tokenAddr":"0xdb36c505bcc50bbd33407e18dc2fdcc648aee162","price":0.03,"amount":"1000000000000000000","amountBase":"30000000000000000"},{"txHash":"0xe5de41e9e9c9aba9ec651fad4a58397a5d7f1067ca8f4c22f137fc1b09190aa8","blockNumber":1738424,"date":"2018-02-09T14:22:55.841Z","buyer":"0x2adf57e3fb2ce29ce1782dbc4f7719b7b761f396","seller":"0x006e3752d7c043274fd44dcb6816ffd8a2d367f2","side":"sell","tokenAddr":"0xdb36c505bcc50bbd33407e18dc2fdcc648aee162","price":0.04,"amount":"4000000000000000000","amountBase":"160000000000000000"},{"txHash":"0x223b3c284236bf09a52f03c5b9b1ecc07b0df5e75c0ac29910a4e187696260d4","blockNumber":1738440,"date":"2018-02-09T14:22:55.844Z","buyer":"0x2adf57e3fb2ce29ce1782dbc4f7719b7b761f396","seller":"0x006e3752d7c043274fd44dcb6816ffd8a2d367f2","side":"sell","tokenAddr":"0xdb36c505bcc50bbd33407e18dc2fdcc648aee162","price":0.03,"amount":"2000000000000000000","amountBase":"60000000000000000"},{"txHash":"0x257b08b23f5e6d328f9d9405c87c93d3dc357a9b393b4ef7a2e54efac20cd4b2","blockNumber":1738532,"date":"2018-02-09T14:22:55.847Z","buyer":"0x006e3752d7c043274fd44dcb6816ffd8a2d367f2","seller":"0x2adf57e3fb2ce29ce1782dbc4f7719b7b761f396","side":"sell","tokenAddr":"0xdb36c505bcc50bbd33407e18dc2fdcc648aee162","price":0.2,"amount":"1000000000000000000","amountBase":"200000000000000000"},{"txHash":"0xbec70a24cbc1f47449bc82f73583adc0f365c782478c5aced1cfcebf5c888353","blockNumber":1738533,"date":"2018-02-09T14:22:55.852Z","buyer":"0x006e3752d7c043274fd44dcb6816ffd8a2d367f2","seller":"0x2adf57e3fb2ce29ce1782dbc4f7719b7b761f396","side":"buy","tokenAddr":"0xdb36c505bcc50bbd33407e18dc2fdcc648aee162","price":0.1,"amount":"1000000000000000000","amountBase":"100000000000000000"},{"txHash":"0x35bbf20cbd8e05fc2a2a488a11a2af170d44e387f0f5b31cf125a604270396be","blockNumber":1759361,"date":"2018-02-12T18:33:15.825Z","buyer":"0x2adf57e3fb2ce29ce1782dbc4f7719b7b761f396","seller":"0x2adf57e3fb2ce29ce1782dbc4f7719b7b761f396","side":"sell","tokenAddr":"0xdb36c505bcc50bbd33407e18dc2fdcc648aee162","price":0.01,"amount":"5000000000000000000","amountBase":"50000000000000000"},{"txHash":"0x2ed6ea3f74315ed496121bd417b5762a55e0277c6b44ce6697af8233cf8d41e1","blockNumber":1759381,"date":"2018-02-12T18:38:15.982Z","buyer":"0x2adf57e3fb2ce29ce1782dbc4f7719b7b761f396","seller":"0x2adf57e3fb2ce29ce1782dbc4f7719b7b761f396","side":"sell","tokenAddr":"0xdb36c505bcc50bbd33407e18dc2fdcc648aee162","price":0.01,"amount":"3000000000000000000","amountBase":"30000000000000000"},{"txHash":"0x71a24972c30371d47ac01c6d52f74361372e51beb19240ccd5bd851143d93f11","blockNumber":1759434,"date":"2018-02-12T18:51:30.967Z","buyer":"0x2adf57e3fb2ce29ce1782dbc4f7719b7b761f396","seller":"0x2adf57e3fb2ce29ce1782dbc4f7719b7b761f396","side":"sell","tokenAddr":"0xdb36c505bcc50bbd33407e18dc2fdcc648aee162","price":0.01,"amount":"1000000000000000000","amountBase":"10000000000000000"},{"txHash":"0xa08b478b24bc1ca25c6bdfa2393b7ea455c8977f2e4e5eb5ac89f2e97407d38a","blockNumber":1759442,"date":"2018-02-12T18:53:31.039Z","buyer":"0x2adf57e3fb2ce29ce1782dbc4f7719b7b761f396","seller":"0x2adf57e3fb2ce29ce1782dbc4f7719b7b761f396","side":"sell","tokenAddr":"0xdb36c505bcc50bbd33407e18dc2fdcc648aee162","price":0.01,"amount":"20000000000000000000","amountBase":"200000000000000000"},{"txHash":"0xf33ad793da447bdb12d0acc6e46ed5790d223badf6c5e3158eed4b4c3153a22f","blockNumber":1759449,"date":"2018-02-12T18:55:16.104Z","buyer":"0x2adf57e3fb2ce29ce1782dbc4f7719b7b761f396","seller":"0x2adf57e3fb2ce29ce1782dbc4f7719b7b761f396","side":"sell","tokenAddr":"0xdb36c505bcc50bbd33407e18dc2fdcc648aee162","price":0.01,"amount":"2000000000000000000","amountBase":"20000000000000000"},{"txHash":"0xc2d1ddd01b36a74523b27e71a99fd8c1b7126aa44e7cf858bd4a374038c2115b","blockNumber":1759462,"date":"2018-02-12T18:58:30.709Z","buyer":"0x2adf57e3fb2ce29ce1782dbc4f7719b7b761f396","seller":"0x2adf57e3fb2ce29ce1782dbc4f7719b7b761f396","side":"sell","tokenAddr":"0xdb36c505bcc50bbd33407e18dc2fdcc648aee162","price":0.01,"amount":"1000000000000000000","amountBase":"10000000000000000"},{"txHash":"0xab5b1802772b0d51da22cae7d5f8d26d1fd852c1c622e69ef46799ed1f730495","blockNumber":1759471,"date":"2018-02-12T19:00:45.806Z","buyer":"0x2adf57e3fb2ce29ce1782dbc4f7719b7b761f396","seller":"0x2adf57e3fb2ce29ce1782dbc4f7719b7b761f396","side":"buy","tokenAddr":"0xdb36c505bcc50bbd33407e18dc2fdcc648aee162","price":0.1,"amount":"3000000000000000000","amountBase":"300000000000000000"},{"txHash":"0x98fabff35dd69b6ec6cb07b27668bea826171aad62c081d395dc164978313b98","blockNumber":1759506,"date":"2018-02-12T19:09:30.642Z","buyer":"0x006e3752d7c043274fd44dcb6816ffd8a2d367f2","seller":"0x2adf57e3fb2ce29ce1782dbc4f7719b7b761f396","side":"sell","tokenAddr":"0xdb36c505bcc50bbd33407e18dc2fdcc648aee162","price":0.0005,"amount":"1.367e+21","amountBase":"683500000000000000"},{"txHash":"0xddd70f18eadf08bf138c7a411757af6ead35f020f5a720efe28a9bf3fb0ff3ef","blockNumber":1762939,"date":"2018-02-13T09:28:01.885Z","buyer":"0xb176c618b754f2365e8dbd7e0781f12907bcea4d","seller":"0x2adf57e3fb2ce29ce1782dbc4f7719b7b761f396","side":"sell","tokenAddr":"0xdb36c505bcc50bbd33407e18dc2fdcc648aee162","price":0.0005,"amount":"12000000000000000000","amountBase":"6000000000000000"},{"txHash":"0x47940abd2e8090d493079128d7b295f1bdf1aa5beb94d8f66b96e629099af612","blockNumber":1762978,"date":"2018-02-13T09:37:34.778Z","buyer":"0xb176c618b754f2365e8dbd7e0781f12907bcea4d","seller":"0x2adf57e3fb2ce29ce1782dbc4f7719b7b761f396","side":"sell","tokenAddr":"0xdb36c505bcc50bbd33407e18dc2fdcc648aee162","price":0.0005,"amount":"5000000000000000000","amountBase":"2500000000000000"},{"txHash":"0x4a4e9d1b96e54089aa5bd29dfc3c24b8541bb4ecba3eae0bf68be03ae2b9e022","blockNumber":1766789,"date":"2018-02-14T01:30:20.977Z","buyer":"0x96c574260e80569f68f32329e9216044661c6e8b","seller":"0x96c574260e80569f68f32329e9216044661c6e8b","side":"sell","tokenAddr":"0xdb36c505bcc50bbd33407e18dc2fdcc648aee162","price":1.1,"amount":"181256287327466670","amountBase":"199381916060213338"},{"txHash":"0x4a4e9d1b96e54089aa5bd29dfc3c24b8541bb4ecba3eae0bf68be03ae2b9e022","blockNumber":1766789,"date":"2018-02-14T01:30:21.033Z","buyer":"0x96c574260e80569f68f32329e9216044661c6e8b","seller":"0x96c574260e80569f68f32329e9216044661c6e8b","side":"sell","tokenAddr":"0xdb36c505bcc50bbd33407e18dc2fdcc648aee162","price":1.1,"amount":"181256287327466670","amountBase":"199381916060213338"}],"updated":"2018-02-14T01:30:21.044Z"}
