[{"txHash":"0x704945c80fc7b0830bd3fe8bf2537c1083e68b87d6ec076082453bba908aa865","blockNumber":1740090,"date":"2018-02-09T13:23:13.088Z","side":"sell","price":3e-8,"amount":"5000000000000000000","amountBase":"150000000000"},{"txHash":"0xc3cc5982a511f889c61842d5d620690e47fb35d23c1b1721ae1f6646a2e013a0","blockNumber":1740230,"date":"2018-02-09T13:23:13.088Z","side":"sell","price":0.000005,"amount":"5000000000000000000","amountBase":"25000000000000"},{"txHash":"0x704945c80fc7b0830bd3fe8bf2537c1083e68b87d6ec076082453bba908aa865","blockNumber":1740090,"date":"2018-02-09T14:22:55.855Z","side":"sell","price":3e-8,"amount":"5000000000000000000","amountBase":"150000000000"},{"txHash":"0xc3cc5982a511f889c61842d5d620690e47fb35d23c1b1721ae1f6646a2e013a0","blockNumber":1740230,"date":"2018-02-09T14:22:55.858Z","side":"sell","price":0.000005,"amount":"5000000000000000000","amountBase":"25000000000000"},{"txHash":"0x8120ba9b1f996e1fe922a00439dd14443cd48f5a360e2689e9c6701fa854840c","blockNumber":1741713,"date":"2018-02-09T17:01:10.358Z","side":"sell","price":0.0007,"amount":"123000000000000000000","amountBase":"86100000000000000"},{"txHash":"0x62e8929ae209bc8595f0df72cfbab5f45ebd0cf2d02822e0dd8626387726d159","blockNumber":1741776,"date":"2018-02-09T17:16:56.632Z","side":"sell","price":0.000001,"amount":"38000000000000000000","amountBase":"38000000000000"},{"txHash":"0x0f31a49163207f101ff2a1a7a3fc3146121adcb76629578a596dc07670692683","blockNumber":1758364,"date":"2018-02-12T14:24:00.947Z","side":"sell","price":0.00006,"amount":"7000000000000000000","amountBase":"420000000000000"},{"txHash":"0x779d25cab624b16b5254a6ae9a0f47655efddee364fca8fd260e2107fbd661c7","blockNumber":1758370,"date":"2018-02-12T14:25:31.012Z","side":"sell","price":0.0000025,"amount":"22000000000000000000","amountBase":"55000000000000"},{"txHash":"0x920df10fd9c5858d1522498352a43a80d0249ddf9c8c0966c09678718daf87eb","blockNumber":1758682,"date":"2018-02-12T15:43:31.038Z","side":"sell","price":0.00006,"amount":"8000000000000000000","amountBase":"480000000000000"},{"txHash":"0x06ce0045379823e740f3e26cc0b9f61dc6a0a50112fdb42be032d02c5d71cf9a","blockNumber":1763538,"date":"2018-02-13T11:57:37.372Z","side":"buy","price":0.00002,"amount":"3000000000000000000","amountBase":"60000000000000"},{"txHash":"0x2a86c0c4341f975a02382b8722aed9909adceda09c998dcd941fe0e55cceb2d4","blockNumber":1769813,"date":"2018-02-14T14:06:19.030Z","r":"0x8f4bfb7b758595b86b3831ca870a0514070062e02242574779f8ec0be78c7245","v":"27","s":"0x0693279a9f62d84bdfa771d71cb66f47d05fef334d7bbb15438507281f89730b","side":"sell","price":0.000002,"amount":"5000000000000000000","amountBase":"10000000000000"},{"txHash":"0x2a86c0c4341f975a02382b8722aed9909adceda09c998dcd941fe0e55cceb2d4","blockNumber":1769813,"date":"2018-02-14T14:06:20.646Z","r":"0x8f4bfb7b758595b86b3831ca870a0514070062e02242574779f8ec0be78c7245","v":"27","s":"0x0693279a9f62d84bdfa771d71cb66f47d05fef334d7bbb15438507281f89730b","side":"sell","price":0.000002,"amount":"5000000000000000000","amountBase":"10000000000000"},{"txHash":"0xd24009f7416a53d9697128396cb412d4080c8929b45bc8554c7090ca85da8a35","blockNumber":1769817,"date":"2018-02-14T14:07:18.834Z","r":"0x542190c9764331270fb0e3d2be63aa19cd2729b65da436aa9feb66436ae11770","v":"28","s":"0x204824bca311857c435733e0b57e4586295452f51a9683976fb9c2a0c4fc0521","side":"sell","price":0.000002,"amount":"18000000000000000000","amountBase":"36000000000000"},{"txHash":"0xd24009f7416a53d9697128396cb412d4080c8929b45bc8554c7090ca85da8a35","blockNumber":1769817,"date":"2018-02-14T14:07:19.148Z","r":"0x542190c9764331270fb0e3d2be63aa19cd2729b65da436aa9feb66436ae11770","v":"28","s":"0x204824bca311857c435733e0b57e4586295452f51a9683976fb9c2a0c4fc0521","side":"sell","price":0.000002,"amount":"18000000000000000000","amountBase":"36000000000000"},{"txHash":"0xbc00d1d7cb1b4420a30ab882f93f2050726e4afd19476d26e7f31343feb9d610","blockNumber":1769823,"date":"2018-02-14T14:08:48.885Z","r":"0x8f4bfb7b758595b86b3831ca870a0514070062e02242574779f8ec0be78c7245","v":"27","s":"0x0693279a9f62d84bdfa771d71cb66f47d05fef334d7bbb15438507281f89730b","side":"sell","price":0.000002,"amount":"88000000000000000000","amountBase":"176000000000000"},{"txHash":"0xbc00d1d7cb1b4420a30ab882f93f2050726e4afd19476d26e7f31343feb9d610","blockNumber":1769823,"date":"2018-02-14T14:08:49.057Z","r":"0x8f4bfb7b758595b86b3831ca870a0514070062e02242574779f8ec0be78c7245","v":"27","s":"0x0693279a9f62d84bdfa771d71cb66f47d05fef334d7bbb15438507281f89730b","side":"sell","price":0.000002,"amount":"88000000000000000000","amountBase":"176000000000000"}]
