[{"txHash":"0x9850b64b594fbc01267827d384931534213e6407100d515c6880f71a7cee3d47","blockNumber":1770132,"date":"2018-02-14T15:26:04.332Z","r":"0xb35e6d546e9642c586c68f2060cdd9401a7bd1037c2aa2d5d16c2de3820ce8b8","v":"28","s":"0x5eb1c893af0cd0dfcb1949918d18b7eb107afd5eba29864438a3fd1d9fcc02fa","side":"sell","price":0.00005,"amount":"4000000000000000000","amountBase":"200000000000000"},{"txHash":"0x799fe484295268b69f1dca657eb9a40264579a525b7eed391ff1455b33e52f4a","blockNumber":1770159,"date":"2018-02-14T15:32:48.246Z","r":"0xd19c6201649e18a24518d0df2074c791198433c0fb5d54e19933f52806fe2bb9","v":"28","s":"0x682f7aeb9f1344853ea3428f482f876ae02dda29faa13d44b55c43a54b1f29c1","side":"sell","price":0.0000096,"amount":"29000000000000000000","amountBase":"278400000000000"},{"txHash":"0x0f69f56345d13755cb35972091dff675095094834928e7c1f08474bd1bcca085","blockNumber":1770163,"date":"2018-02-14T15:33:48.557Z","r":"0xd19c6201649e18a24518d0df2074c791198433c0fb5d54e19933f52806fe2bb9","v":"28","s":"0x682f7aeb9f1344853ea3428f482f876ae02dda29faa13d44b55c43a54b1f29c1","side":"sell","price":0.0000096,"amount":"59000000000000000000","amountBase":"566400000000000"},{"txHash":"0x36b94c4a5efe29e633ace2d405d9724832ee2cf928a5c5ceb1c79beb288768bb","blockNumber":1770164,"date":"2018-02-14T15:34:03.363Z","r":"0xb35e6d546e9642c586c68f2060cdd9401a7bd1037c2aa2d5d16c2de3820ce8b8","v":"28","s":"0x5eb1c893af0cd0dfcb1949918d18b7eb107afd5eba29864438a3fd1d9fcc02fa","side":"sell","price":0.00005,"amount":"86000000000000000000","amountBase":"4300000000000000"},{"txHash":"0x1eb4d14704349b889a050debcfc0763f7c64ac34ef3af6d15aa6eb30a9208c3f","blockNumber":1770171,"date":"2018-02-14T15:35:47.797Z","r":"0xd19c6201649e18a24518d0df2074c791198433c0fb5d54e19933f52806fe2bb9","v":"28","s":"0x682f7aeb9f1344853ea3428f482f876ae02dda29faa13d44b55c43a54b1f29c1","side":"sell","price":0.0000096,"amount":"15000000000000000000","amountBase":"144000000000000"},{"txHash":"0x1eb4d14704349b889a050debcfc0763f7c64ac34ef3af6d15aa6eb30a9208c3f","blockNumber":1770171,"date":"2018-02-14T15:35:48.275Z","r":"0xd19c6201649e18a24518d0df2074c791198433c0fb5d54e19933f52806fe2bb9","v":"28","s":"0x682f7aeb9f1344853ea3428f482f876ae02dda29faa13d44b55c43a54b1f29c1","side":"sell","price":0.0000096,"amount":"15000000000000000000","amountBase":"144000000000000"},{"txHash":"0x1eb4d14704349b889a050debcfc0763f7c64ac34ef3af6d15aa6eb30a9208c3f","blockNumber":1770171,"date":"2018-02-14T15:35:48.278Z","r":"0xd19c6201649e18a24518d0df2074c791198433c0fb5d54e19933f52806fe2bb9","v":"28","s":"0x682f7aeb9f1344853ea3428f482f876ae02dda29faa13d44b55c43a54b1f29c1","side":"sell","price":0.0000096,"amount":"15000000000000000000","amountBase":"144000000000000"},{"txHash":"0x74b39c15f564299af969df213a08b443edc744e7dd12d4e6fcd3b8472f73ba49","blockNumber":1770193,"date":"2018-02-14T15:41:20.281Z","buyer":"0xb176c618b754f2365e8dbd7e0781f12907bcea4d","seller":"0xb176c618b754f2365e8dbd7e0781f12907bcea4d","r":"0xd19c6201649e18a24518d0df2074c791198433c0fb5d54e19933f52806fe2bb9","v":"28","s":"0x682f7aeb9f1344853ea3428f482f876ae02dda29faa13d44b55c43a54b1f29c1","side":"buy","tokenAddr":"0xe58abb2977780207b5aa91e65244a40d62cbf4f9","price":0.0000096,"amount":"23000000000000000000","amountBase":"220800000000000"},{"txHash":"0x74b39c15f564299af969df213a08b443edc744e7dd12d4e6fcd3b8472f73ba49","blockNumber":1770193,"date":"2018-02-14T15:41:20.281Z","buyer":"0xb176c618b754f2365e8dbd7e0781f12907bcea4d","seller":"0xb176c618b754f2365e8dbd7e0781f12907bcea4d","r":"0xd19c6201649e18a24518d0df2074c791198433c0fb5d54e19933f52806fe2bb9","v":"28","s":"0x682f7aeb9f1344853ea3428f482f876ae02dda29faa13d44b55c43a54b1f29c1","side":"sell","tokenAddr":"0xe58abb2977780207b5aa91e65244a40d62cbf4f9","price":0.0000096,"amount":"23000000000000000000","amountBase":"220800000000000"},{"txHash":"0x7b4b46eaecc9e8b5f488161c4d4aa24ba114197882e45c0752e4054134745765","blockNumber":1770619,"date":"2018-02-14T17:27:48.336Z","buyer":"0x61a686e6b55c99c20f9b85e5bf92b03da2d928cc","seller":"0xb176c618b754f2365e8dbd7e0781f12907bcea4d","r":"0xb35e6d546e9642c586c68f2060cdd9401a7bd1037c2aa2d5d16c2de3820ce8b8","v":"28","s":"0x5eb1c893af0cd0dfcb1949918d18b7eb107afd5eba29864438a3fd1d9fcc02fa","side":"sell","tokenAddr":"0xe58abb2977780207b5aa91e65244a40d62cbf4f9","price":0.00005,"amount":"39000000000000000000","amountBase":"1950000000000000"},{"txHash":"0xf971d8d82ffcbc5562b54c4b517613d6ab7e74a2db3b66735f2dfa5b6aee69be","blockNumber":1770624,"date":"2018-02-14T17:29:03.503Z","buyer":"0x61a686e6b55c99c20f9b85e5bf92b03da2d928cc","seller":"0xb176c618b754f2365e8dbd7e0781f12907bcea4d","r":"0x7c897942b362279efc09a810b22db44c7d60b15722ae8b31a278c49ae7de1ff1","v":"28","s":"0x502c402acdce9b695605c721358d0676814aee0f2c997be217cdb5bfa1abb5d9","side":"sell","tokenAddr":"0xe58abb2977780207b5aa91e65244a40d62cbf4f9","price":0.000003,"amount":"50000000000000000000","amountBase":"150000000000000"},{"txHash":"0xb383fbe7d62289a1a6cbd7c84ad9128d14a57f256822354508c0dd22b44cfa53","blockNumber":1775424,"date":"2018-02-15T14:34:19.602Z","buyer":"0x61a686e6b55c99c20f9b85e5bf92b03da2d928cc","seller":"0xb176c618b754f2365e8dbd7e0781f12907bcea4d","r":"0x3662f64cf0a3d954de4cf9b6283b1c691c532e956be995e8b23cfd3f4a913c6b","v":"27","s":"0x5592d2cba77bac3ff1f1f1c49d54af38895b9339e2a968db837894705a1c9fc0","side":"sell","tokenAddr":"0xe58abb2977780207b5aa91e65244a40d62cbf4f9","price":0.00005,"amount":"4000000000000000000","amountBase":"200000000000000"}]
